%%% This file has been automatically converted from "defs.bib"
%%% on Fri Jun 21 00:12:05 EST 2002 to contain abbreviated definitions
%%% for bibliography files.
%%% DO NOT EDIT THIS FILE, EDIT THE SOURCE FILE "defs.bib" INSTEAD!
%%% Converted text follows after this line:
@string{jan = "Jan"}
@string{feb = "Feb"}
@string{mar = "Mar"}
@string{apr = "Apr"}
@string{may = "May"}
@string{jun = "Jun"}
@string{jul = "Jul"}
@string{aug = "Aug"}
@string{sep = "Sep"}
@string{oct = "Oct"}
@string{nov = "Nov"}
@string{dec = "Dec"}
@comment{
 This file contains common definitions for bibliography files.
 Every \bibliography command should list this file first.

 Do not sort this file, instead keep the address, journal and proceedings
 strings separated (and sorted within the groups)
}

@comment{
 Written by Gernot Heiser <G.Heiser%unsw.edu.au> 1991-08-19
}


@comment{
 The following definition is for tricky sorting cases. Say you have
 two related entries, from different years (1971 and
 1973) and for some reason want them to appear in a
 sorted bibliography in the inverse order of the
 "year" field. You could then use following:

 year = "{\noopsort{a}}1973}"
 and

 year = "{\noopsort{b}}1971}"}

@preamble{ "\providecommand{\noopsort}[1]{} "}
@preamble{ "\providecommand{\url}{\error{The bib files now require `url' package!}}"}




@comment{Strings denoting organizations/addresses:}

@string{acm = "ACM"}
@string{iee = "IEE"}
@string{ieee = "IEEE"}
@string{ieeecs = "Comp. Soc."}
@string{ieice = "IEICE"}
@string{iere = "Institution Electron. \& Radio Engineers"}
@string{tapa = "TAPA"}
@string{ukuug = "UKUUG"}
@string{usenix = "USENIX"}

@string{unsw = "University NSW"}
@string{unswadr = unsw#", Sydney 2052, Australia"}
@string{cse = "School Comp. Sci. \& Engin."}
@string{cseadr = cse#", "#unswadr}
@string{eecs = "School Electric. Engin. \& Comp. Sci."}
@string{ee = "School Electric. Engin."}



@comment{Strings denoting journals:}

@string{acj = "The Australian Comp. J."}
@string{acmcs = "Comput. Surveys"}
@string{adal = "Ada Lett."}
@string{advphy = "Adv. Phys."}
@string{aeep = "Adv. Electron. \& Electron Phys."}
@string{ap = "Appl. Phys."}
@string{apa = ap#" A"}
@string{apl = "Appl. Phys. Lett."}
@string{bit = "BIT"}
@string{bstj = "The Bell System Techn. J."}
@string{byte = "Byte"}
@string{c = "Cryogenics"}
@string{cacm = "Comm. "#acm}
@string{can = "Comp. Arch. News"}
@string{ccr = "Comp. Comm. Rev."}
@string{cgraph = "Comp. Graph."}
@string{cjp = "Canadian J. Phys."}
@string{cmame = "Comp. Methods Appl. Mechanics \& Engin."}
@string{cnet = "Comp. Netw."}
@string{cnis = "Comp. Netw. \& ISDN Syst."}
@string{comp = "IEEE Comp."}
@string{conc = "IEEE Concurrency"}
@string{compj = "The Comp. J."}
@string{cpe = "Concurrency: Pract. \& Exp."}
@string{csse = "Comp. Syst. Sci. \& Engin."} 
@string{compsys = "Comput. Syst."} 
@string{dico = "Distr. Comput."}
@string{ecj = "Electron. \& Comm. Japan"}
@string{ecj2 = ecj#", Part 2: Electron."}
@string{ecsm = "Extended Abstracts Electrochemical Soc."}
@string{el = "Europhysics Lett."}
@string{electronics = "Electron."}
@string{f = "Festk{\"o}rperprobleme"}
@string{fgcs = "Future Generation Comp. Syst."}
@string{hr = "Hitachi Rev."}
@string{ibmjrd = "IBM J. Research \& Development"}
@string{ibmsj = "IBM Syst. J."}
@string{ibmtech = "IBM Techn. Disclosures Bull."}
@string{ieeetcos = "Bulletin Technical Committee on
 Operating Systems and Application Environments"}
@string{ieeeedl = "Electron Device Lett."}
@string{ieeesac = "J. Selected Areas Comm."}
@string{ieeepdt = "Parall. \& Distr. Technology"}
@string{ieeesw = "Softw."}
@string{ieeetc = "Trans. Computers"}
@string{ieeetcad = "Trans. CAD ICAS"}
@string{ieeetcom = "Trans. Comm."}
@string{ieeeted = "Trans. Electron Dev."}
@string{ieeetedl = ieeeted#" Lett."}
@string{ieeetit = "Trans. Inform. Theory"}
@string{ieeetns = "Trans. Nuclear Sci."}
@string{ieeetpds = "Trans. Parall. \& Distr. Syst."}
@string{ieeetose = "Trans. Softw. Engin."}
@string{ieep = "IEE Proc."}
@string{ieicete = ieice#" Trans. Electron."}
@string{ip = "Inform. Processing"}
@string{ijpc = "Int. J. Parall. Comput."}
@string{ijssc = "J. Solid-State Circ."}
@string{ijssc = "J. Solid-State Circ."}
@string{ijhsc = "Int. J. High-Speed Comput."}
@string{ijnme = "Int. J. Num. Methods Eng."}
@string{ijsca = "Int. J. Supercomputer Applic."}
@string{ibmdscl = "IBM Techn. Disclosure Bull."}
@string{ibmjrd = "IBM J. for Research \& Development"}
@string{iretec = "IRE Trans. Electron. Computers"}
@string{jal = "J. Algorithms"}
@string{jap = "J. Appl. Phys."}
@string{japl = jap#" Lett."}
@string{jcphys = "J. Computational Phys."}
@string{jecs = "J. Electrochemical Soc."}
@string{jem = "J. Electron. Mater."}
@string{jjap = "Japanese J. Appl. Phys."}
@string{jncs = "J. Non-Crystalline Solids"}
@string{joop = "J. Obj. Orient."}
@string{jp = "J. Phys."}
@string{jpdc = "J. Parall. \& Distr. Comput."}
@string{jpd = jp#" D: Appl. Phys."}
@string{jpcs = "J. Physis \& Chemistry Solids"}
@string{jpsj = "J. Phys. Soc. Japan"}
@string{jss = "J. Syst. \& Softw."}
@string{mathcomp = "Mathematics Comput."}
@string{me = "Microelect. Engin."}
@string{meje = "Microelect. J."}
@string{micro = "IEEE Micro"}
@string{mpms = "Microprocessors \& Microsystems"}
@string{nummath = "Numerische Mathematik"}
@string{oops = "OOPS Messenger"}
@string{osr = "Operat. Syst. Rev."}
@string{pc = "Parall. Comput."}
@string{piee = "Proc. "#iee}
@string{pieee = "Proc. "#ieee}
@string{ppsl = "Proc. Phys. Soc. London"}
@string{prsl = "Proc. Royal Soc. London"}
@string{per = "Performance Evaluation Rev."}
@string{pipv = "Prog. Photovoltaics"}
@string{pm = "Philosophical Magazine"}
@string{pml = "Philosophical Magazine Lett."}
@string{pr = "Phys. Rev."}
@string{pra = pr#" A"}
@string{prb = pr#" B"}
@string{prc = pr#" C"}
@string{prd = pr#" D"}
@string{pre = pr#" E"}
@string{prl = pr#" Lett."}
@string{ps = "Prog. Semicond."}
@string{pss = "Physica Status Solidi"}
@string{ptp = "Prog. Theoretical Phys."}
@string{rmp = "Reviews Modern Phys."}
@string{rpp = "Reports Prog. Phys."}
@string{sa = "Scientific American"}
@string{sc = "Sol. Cells"}
@string{sem = "Sol. Energy Mater."}
@string{semsc = "Sol. Energy Mater. \& Sol. Cells"}
@string{si = "Semicond. Int."}
@string{simax = "SIAM J. Matrix Analysis \& Applic."}
@string{sisc = "SIAM J. Scientific Comput."}
@string{sissc = "SIAM J. Scientific \& Statistical Comput."}
@string{sina = "SIAM J. Num. Analysis"}
@string{siemens = "Siemens Research \& Development Reports"}
@string{signum = "SIGNUM Newsletter"}
@string{sigplan = "SIGPLAN Notices"}
@string{sigsmall = "SIGSMALL Newsletter"}
@string{sp = "Soviet Phys."}
@string{spe = "Softw.: Pract. \& Exp."}
@string{sps = "Soviet Phys. Semicond."}
@string{spss = "Soviet Phys. - Solid State"}
@string{ssc = "Solid State Comm."}
@string{sse = "Solid-State Electron."}
@string{ssp = "Solid-State Phenomena"}
@string{tcos = "Technical Committee Operating
 Systems Newsletter"}
@string{tocs = "Trans. Comp. Syst."}
@string{tods = "Trans. Database Syst."}
@string{tomacs = "Trans. Modeling \& Comp. Simul."}
@string{topls = "Trans. Progr. Lang. \& Syst."}
@string{vldbj = "VLDB J."}
@string{zamm = "Zeitschrift f{\"u}r Angewandte Mathematik und Mechanik"}
@string{zfp = "Zeitschrift f{\"u}r Physik"}


@comment{Strings denoting series:}

@string{lics = "Lecture Notes Comp. Sci."}


@comment{Strings denoting conferences ("booktitles"):}

@string{proc = "Proc. "}
@string{digest = " Digest Techn. Papers"}



@string{acac = "ACAC"}
@string{acac96 = proc#"1st "#acac}
@string{acac97 = proc#"2nd "#acac}
@string{acac98 = proc#"3rd "#acac}
@string{acac99 = proc#"4th "#acac}
@string{acac00 = proc#"5th "#acac}
@string{acsac = "ACSAC"}
@string{apcsac = "ACSAC"}
@string{acsac01 = proc#"6th "#acsac}
@string{acsac02 = proc#"7th "#apcsac}
@string{acsc = "ACSC"}
@string{acsc88 = proc#"11th "#acsc}
@string{acsc89 = proc#"12th "#acsc}
@string{acsc90 = proc#"13th "#acsc}
@string{acsc91 = proc#"14th "#acsc}
@string{acsc92 = proc#"15th "#acsc}
@string{acsc93 = proc#"16th "#acsc}
@string{acsc94 = proc#"17th "#acsc}
@string{acsc95 = proc#"18th "#acsc}
@string{acsc96 = proc#"19th "#acsc}
@string{acsc97 = proc#"20th "#acsc}
@string{acsc98 = proc#"21st "#acsc}
@string{acsc99 = proc#"22nd "#acsc}
@string{aoug = proc#"Australian Occam User Group Conf."}
@string{asplos = "ASPLOS"}
@string{asplos82 = proc#"1st "#asplos}
@string{asplos89 = proc#"3rd "#asplos}
@string{asplos91 = proc#"4th "#asplos}
@string{asplos92 = proc#"5th "#asplos}
@string{asplos94 = proc#"6th "#asplos}
@string{asplos96 = proc#"7th "#asplos}
@string{asplos98 = proc#"8th "#asplos}
@string{bctm = proc#""#ieee#" Bipolar Circ. \& Technology Meeting"}
@string{cxx = proc#usenix#" C++ W."}
@string{cicc = "Custom Integr. Circ. Conf."}
@string{compcon = "COMPCON"}
@string{compcon-s = "Spring "#compcon}
@string{cpld = "Conf. Progr. Lang. Design"}
@string{cpsc = "Conf. Personal \& Small Computers"}
@string{csc = "Comp. Sci. Conf."}
@string{drc = "Device Research Conf."}
@string{ecoop = "ECOOP"}
@string{ecoop93 = proc#"7th "#ecoop}
@string{ecoop94 = proc#"8th "#ecoop}
@string{ecpvsec = "European Communities Photovoltaic Sol. Energy Conf."}
@string{ejcc = proc#"Eastern Joint Comp. Conf."}
@string{epsec = "European Photovoltaic Sol. Energy Conf."}
@string{epsec77 = proc#"1st "#ecpvsec}
@string{epsec86 = proc#"7th "#ecpvsec}
@string{epsec88 = proc#"8th "#ecpvsec}
@string{epsec89 = proc#"9th "#ecpvsec}
@string{epsec91 = proc#"10th "#ecpvsec}
@string{epsec92 = proc#"11th "#epsec}
@string{epsec94 = proc#"12th "#epsec}
@string{epsec95 = proc#"13th "#epsec}
@string{epsec97 = proc#"14th "#epsec}
@string{epsec00 = proc#"16th "#epsec}
@string{essderc = "Proc. ESSDERC"}
@string{esa = "European Annual Symp. Algorithms"}
@string{esa94 = proc#"2nd "#esa}
@string{esigops = "European SIGOPS Conf."}
@string{esigops00 = proc#" "#esigops}
@string{esprit = "Proc. ESPRIT"}
@string{europar = "Euro-Par"}
@string{europar96 = proc#" "#europar}
@string{europar98 = proc#" "#europar}
@string{europen = "EurOpen Conf."}
@string{ewpc92 = "European W. Parall. Comput."}
@string{hpca = "IEEE HPCA"}
@string{hpca97 = proc#" 3rd "#hpca}
@string{hicss = "HICSS"}
@string{hicss84 = proc#"17th "#hicss}
@string{hicss85 = proc#"18th "#hicss}
@string{hicss86 = proc#"19th "#hicss}
@string{hicss87 = proc#"20th "#hicss}
@string{hicss88 = proc#"21th "#hicss}
@string{hicss89 = proc#"22th "#hicss}
@string{hicss90 = proc#"23rd "#hicss}
@string{hicss91 = proc#"24th "#hicss}
@string{hicss92 = proc#"25th "#hicss}
@string{hicss93 = proc#"26th "#hicss}
@string{hicss94 = proc#"27th "#hicss}
@string{hicss95 = proc#"28th "#hicss}
@string{hicss96 = proc#"29th "#hicss}
@string{hicss97 = proc#"30th "#hicss}
@string{hotos = "HotOS"}
@comment{hotos92 = wwos92}
@comment{hotos93 = wwos93}
@string{hotos95 = proc#"5th "#hotos}
@string{hotos97 = proc#"6th "#hotos}
@string{hotos99 = proc#"7th "#hotos}
@string{hotos01 = proc#"8th "#hotos}
@string{ica3pp = "ICA3PP"}
@string{ica3pp96 = proc#"2nd "#ica3pp}
@string{iccc = "ICCC"}
@string{iccd = "ICCD"}
@string{iccw = "Int. Conf. Computers \& Workstations"}
@string{icdcs = "ICDCS"}
@string{icdcs84 = proc#"4th "#icdcs}
@string{icdcs85 = proc#"5th "#icdcs}
@string{icdcs86 = proc#"6th "#icdcs}
@string{icdcs87 = proc#"7th "#icdcs}
@string{icdcs88 = proc#"8th "#icdcs}
@string{icdcs89 = proc#"9th "#icdcs}
@string{icdcs90 = proc#"10th "#icdcs}
@string{icdcs91 = proc#"11th "#icdcs}
@string{icdcs92 = proc#"12th "#icdcs}
@string{icdcs93 = proc#"13th "#icdcs}
@string{icdcs94 = proc#"14th "#icdcs}
@string{icdcs95 = proc#"15th "#icdcs}
@string{icdcs96 = proc#"16th "#icdcs}
@string{icdcs97 = proc#"17th "#icdcs}
@string{icdcs98 = proc#"18th "#icdcs}
@string{icdcs99 = proc#"19th "#icdcs}
@string{icds = "Int. Conf. Defects Semicond."}
@string{icds84 = proc#"13th "#icds}
@string{icpaa = "Int. Conf. Parall. Arch. \& Algorithms"}
@string{icpaa96 = proc#"1st "#icpaa}
@string{icpdis = "Int. Conf. Parall. \& Distr. Inform. Syst."}
@string{icpdis94 = proc#"3rd "#icpdis}
@string{icpp = "Int. Conf. Parall. Processing"}
@string{icpp91 = proc#"1991 "#icpp}
@string{icps = "Int. Conf. Phys. Semicond."}
@string{icps84 = proc#"17th "#icps}
@string{icps86 = proc#"18th "#icps}
@string{icps88 = proc#"19th "#icps}
@string{icps90 = proc#"20th "#icps}
@string{icpssn = "Int. Conf. Private Switching Syst. \& Netw."}
@string{icse = "ICSE"}
@string{icssdm = "Extended Abstracts ICSSDM"}
@string{iedm = "Int. Electron Dev. Meeting"}
@string{iedm78 = iedm}
@string{iedm88 = iedm}
@string{ieeertss = "RTSS"}
@string{ieeessp = "Symp. Security \& Privacy"}
@string{ieeessp87 = proc#ieeessp}
@string{ieeessp89 = proc#ieeessp}
@string{ieeessp95 = proc#ieeessp}
@string{ieeessp00 = proc#ieeessp}
@string{infocom = "INFOCOM"}
@string{infocom95 = proc#"14th "#infocom}
@string{ismm = "Int. Symp. Memory Management"}
@string{ismm98 = proc#ismm}
@string{iscs = "Int. Symp. Circ. \& Syst."}
@string{isca = "ISCA"}
@string{isca80 = proc#"7th "#isca}
@string{isca81 = proc#"8th "#isca}
@string{isca82 = proc#"9th "#isca}
@string{isca83 = proc#"10th "#isca}
@string{isca84 = proc#"11th "#isca}
@string{isca85 = proc#"12th "#isca}
@string{isca86 = proc#"13th "#isca}
@string{isca87 = proc#"14th "#isca}
@string{isca88 = proc#"15th "#isca}
@string{isca89 = proc#"16th "#isca}
@string{isca90 = proc#"17th "#isca}
@string{isca91 = proc#"18th "#isca}
@string{isca92 = proc#"19th "#isca}
@string{isca93 = proc#"20th "#isca}
@string{isca94 = proc#"21st "#isca}
@string{isca95 = proc#"22nd "#isca}
@string{isca96 = proc#"23rd "#isca}
@string{isca97 = proc#"24th "#isca}
@string{isca98 = proc#"25th "#isca}
@string{isca99 = proc#"26th "#isca}
@string{isca00 = proc#"27th "#isca}
@string{isca01 = proc#"28th "#isca}
@string{isca02 = proc#"29th "#isca}a
@string{isftc = "ISFTC"}
@string{islped = "Int. Symp. Low Power Electron. \& Design"}
@string{islped97 = proc#" "#islped}
@string{ispp = "Int. Symp. Parall. Processing"}
@string{isscc = "Int. Solid-State Circ. Conf."}
@string{iwcasspi = "Int. W. Comp. Arch. to Support Security \& Persistence Inform."}
@string{iwmm = "Int. W. Memory Management"}
@string{iwmm92 = proc#iwmm#", LCS \#637"}
@string{iwmm95 = proc#iwmm#", LCS \#986"}
@string{iwooos = "IWOOOS"}
@string{iwooos90 = proc#"W. Operat. Syst. \& Obj. Orient. at ECOOP-OOPSLA"}
@string{iwooos91 = proc#"1st "#iwooos}
@string{iwooos92 = proc#"2nd "#iwooos}
@string{iwooos93 = proc#"3rd "#iwooos}
@string{iwooos95 = proc#"4th "#iwooos}
@string{iwooos96 = proc#"5th "#iwooos}
@string{oopsla = "OOPSLA"}
@string{oopsla92 = proc#" "#oopsla}
@string{oopsla00 = proc#" "#oopsla}
@string{oopsla93-mmgc = "OOPSLA W. Memory Management \& Garbage Collection"}
@string{oopsla95-od = "OOPSLA W. Obj. Database Behavior, Benchmarks \& Performance"}
@string{osdi = "OSDI"}
@string{osdi94 = proc#"1st "#osdi}
@string{osdi96 = proc#"2nd "#osdi}
@string{osdi99 = proc#"3rd "#osdi}
@string{osdi00 = proc#"4st "#osdi}
@string{oug = proc#"Occam User Group Conf."}
@string{pacta = "PACTA"}
@string{pcs = proc#"Polycrystalline Semicond."}
@string{pdc = "Symp. Princip. Distr. Comput."}
@string{pdpta = "Int. Conf. Parall. \& Distr. Processing Techniques \& Applic."}
@string{pdpta96 = pdpta}
@string{pjw = "Int. W. Persistence \& Java"}
@string{pjw97 = proc#"2nd "#pjw}
@string{pldi = "ACM SIGPLAN PLDI"}
@string{pldi96 = proc#pldi}
@string{pldi97 = proc#pldi}
@string{pldi98 = proc#pldi}
@string{pldi99 = proc#pldi}
@string{pldi00 = proc#pldi}
@string{podc = "Annual Symp. Princip. Distr. Comput."}
@string{podc97 = proc#"16th "#podc}
@string{popl = "SIGPLAN-SIGACT POPL"}
@string{popl96 = proc#"23th "#popl}
@string{popl99 = proc#"26th "#popl}
@string{popl01 = proc#"28th "#popl}
@string{pos = "POS"}
@string{pos85 = proc#"1st "#pos}
@string{pos87 = proc#"2nd "#pos}
@string{pos88 = proc#"3rd "#pos}
@string{pos90 = proc#"4th "#pos}
@string{pos92 = proc#"5th "#pos}
@string{pos94 = proc#"6th "#pos}
@string{pos96 = proc#"7th "#pos}
@string{pos98 = proc#"8th "#pos}
@string{pos00 = proc#"9th "#pos}
@string{ppopp = "Conf. Princip. \& Pract. Parall. Progr."}
@string{ppopp90 = proc#"2nd "#ppopp}
@string{ppopp91 = proc#"3rd "#ppopp}
@string{pvsc = "Photovoltaic Specialists Conf."}
@string{pvsc72 = proc#" "#pvsc}
@string{pvsc76 = proc#"12th "#pvsc}
@string{pvsc78 = proc#"13th "#pvsc}
@string{pvsc80 = proc#"14th "#pvsc}
@string{pvsc81 = proc#"15th "#pvsc}
@string{pvsc82 = proc#"16th "#pvsc}
@string{pvsc84 = proc#"17th "#pvsc}
@string{pvsc85 = proc#"18th "#pvsc}
@string{pvsc87 = proc#"19th "#pvsc}
@string{pvsc88 = proc#"20th "#pvsc}
@string{pvsc90 = proc#"21st "#pvsc}
@string{pvsc91 = proc#"22nd "#pvsc}
@string{pvsc93 = proc#"23rd "#pvsc}
@string{pvsc96 = proc#"25th "#pvsc}
@string{pvsc97 = proc#"26th "#pvsc}
@string{pvsec = "Int. Photovoltaic Sci. \& Engin. Conf."}
@string{pvsec89 = "4th "#pvsec#digest}
@string{pvsec90 = "5th "#pvsec#digest}
@string{pvsec92 = "6th "#pvsec#digest}
@string{pvsec93 = "7th "#pvsec#digest}
@string{pvsec99 = "11th "#pvsec#digest}
@string{nasecode = "Int. Conf. Num. Analysis Semicond. Dev."}
@string{nasecode83 = proc#"3rd "#nasecode}
@string{nasecode85 = proc#"4th "#nasecode}
@string{nasecode87 = proc#"5th "#nasecode}
@string{ncsc = "National Comp. Security Conf."}
@string{ncsc85 = proc#"8th "#ncsc}
@string{nissc = "National Inform. Syst. Security Conf."}
@string{nissc95 = proc#"18th "#nissc}
@string{nissc98 = proc#"21st "#nissc}
@string{nossdav = "Int. W. Netw. \& Operat. Syst. Support for Digital Audio \& Video"}
@string{nossdav98 = proc#"8th "#nossdav}
@string{nupad = "Int. W. Num. Modeling Proc. \& Dev. for Integr. Circ."}
@string{nupad90 = "3rd "#nupad}
@string{nupad92 = "4th "#nupad}
@string{nupad94 = "5th "#nupad}
@string{microc = "IEEE Micro"}
@string{microc95 = proc#" "#microc}
@string{rbac = "RBAC"}
@string{rbac95 = proc#"1st "#rbac}
@string{rbac99 = proc#"4th "#rbac}
@string{rds = "Symp. Reliable Distr. Syst."}
@string{rds91 = proc#"10th "#rds}
@string{rds92 = proc#"11th "#rds}
@string{rds93 = proc#"12th "#rds}
@string{rds94 = proc#"13th "#rds}
@string{rds95 = proc#"14th "#rds}
@string{rtlws = "Real-Time Linux W."}
@string{rtlws01 = proc#"3rd "#rtlws}
@string{rtss = "Real Time-Syst. Symp."}
@string{rtss84 = proc#rtss}
@string{sca = "Symp. Comp. Arch."}
@string{sca80 = proc#"7th "#sca}
@string{sca81 = proc#"8th "#sca}
@string{sca90 = proc#"17th "#sca}
@string{slfp92 = proc#"1992 ACM Symp. Lisp \& Functional Progr."}
@string{sigcomm = "SIGCOMM"}
@string{sigcomm88 = proc#""#sigcomm}
@string{sigcomm91 = proc#""#sigcomm}
@string{sigcomm95 = proc#""#sigcomm}
@string{sigmetrics = "SIGMETRICS"}
@string{sigmetrics94 = proc#sigmetrics}
@string{sigmetrics98 = proc#sigmetrics}
@string{sigmetrics02 = proc#sigmetrics}
@string{sigmod = "SIGMOD"}
@string{sigmod93 = proc#sigmod}
@string{sisdep = "Int. Conf. Simul. Semicond. Dev. \& Proc."}
@string{sisdep86 = proc#"2nd "#sisdep}
@string{sisdep88 = proc#"3rd "#sisdep}
@string{sisdep91 = proc#"4th "#sisdep}
@string{sisdep93 = proc#"5th "#sisdep}
@string{sisdep95 = proc#"6th "#sisdep}
@string{sispad = "Int. Conf. Simul. Semicond. Proc. \& Dev."}
@string{sispad95 = sisdep95}
@string{sispad96 = "2nd "#sispad}
@string{sosp = "SOSP"}
@string{sosp75 = proc#"5th "#sosp}
@string{sosp77 = proc#"6th "#sosp}
@string{sosp79 = proc#"7th "#sosp}
@string{sosp81 = proc#"8th "#sosp}
@string{sosp83 = proc#"9th "#sosp}
@string{sosp85 = proc#"10th "#sosp}
@string{sosp87 = proc#"11th "#sosp}
@string{sosp89 = proc#"12th "#sosp}
@string{sosp91 = proc#"13th "#sosp}
@string{sosp93 = proc#"14th "#sosp}
@string{sosp95 = proc#"15th "#sosp}
@string{sosp97 = proc#"16th "#sosp}
@string{sosp99 = proc#"17th "#sosp}
@string{spdp = "Symp. Parall. \& Distr. Processing"}
@string{spdp93 = proc#"5th "#spdp}
@string{sftc = "Int. Symp. Fault-Tolerant Comput."}
@string{sftc95 = proc#"25th "#sftc}
@string{srds = "Symp. Reliable Distr. Syst."}
@string{srds95 = proc#" "#srds}
@string{ssdm = "Int. Conf. Solid State Dev. \& Mater."}
@string{ssdm89 = proc#"21st "#ssdm}
@string{ssdm90 = proc#"22nd "#ssdm}
@string{ssdm93 = proc#"25nd "#ssdm}
@string{ssdm95 = proc#"27nd "#ssdm}
@string{usenixc = "Techn. Conf."}
@string{usenix85 = proc#" 1985 "#usenixc}
@string{usenix86s = proc#" 1986 Summer "#usenixc}
@string{usenix86w = proc#" 1986 Winter "#usenixc}
@string{usenix87w = proc#" 1987 Winter "#usenixc}
@string{usenix87s = proc#" 1987 Summer "#usenixc}
@string{usenix88w = proc#" 1988 Winter "#usenixc}
@string{usenix89w = proc#" 1989 Winter "#usenixc}
@string{usenix89s = proc#" 1989 Summer "#usenixc}
@string{usenix90w = proc#" 1990 Winter "#usenixc}
@string{usenix90s = proc#" 1990 Summer "#usenixc}
@string{usenix91w = proc#" 1991 Winter "#usenixc}
@string{usenix91s = proc#" 1991 Summer "#usenixc}
@string{usenix92w = proc#" 1992 Winter "#usenixc}
@string{usenix92s = proc#" 1992 Summer "#usenixc}
@string{usenix93w = proc#" 1993 Winter "#usenixc}
@string{usenix93s = proc#" 1993 Summer "#usenixc}
@string{usenix94w = proc#" 1994 Winter "#usenixc}
@string{usenix94s = proc#" 1994 Summer "#usenixc}
@string{usenix95 = proc#" 1995 "#usenixc}
@string{usenix96 = proc#" 1996 "#usenixc}
@string{usenix97 = proc#" 1997 "#usenixc}
@string{usenix98 = proc#" 1998 "#usenixc}
@string{usenix99 = proc#" 1999 "#usenixc}
@string{usenix00 = proc#" 2000 "#usenixc}
@string{usenixdms = "W. Experiences with Building Distr. \& Multiprocessor Syst."}
@string{usenixes = "Embedded Syst. W."}
@string{usenixes99 = proc#" 1999 "#usenixes}
@string{usenixmach = proc#" USENIX Mach W."}
@string{usenixmk = "W. Microkernels \& other Kernel Arch."}
@string{usenixmk92 = proc#" "#usenixmk}
@string{usenixmk93 = proc#" 2nd "#usenixmk}
@string{usenixnt = "NT W."}
@string{usenixnt99 = proc#" 1999 "#usenixnt}
@string{usenixsec = "Security Symp."}
@string{usenixsec93 = proc#" 4th "#usenixsec}
@string{usenixsec95 = proc#" 5th "#usenixsec}
@string{usenixsec96 = proc#" 6th "#usenixsec}
@string{usenixsec98 = proc#" 7th "#usenixsec}
@string{usenixsec99 = proc#" 8th "#usenixsec}
@string{usenixsec00 = proc#" 9th "#usenixsec}
@string{usenixsec01 = proc#" 10th "#usenixsec}
@string{vldb = "VLDB Conf."}
@string{vldb96 = proc#" 22nd "#vldb}
@string{vlsitech = "Int. Symp. VLSI Technology Syst. \& Applic."}
@string{wae = "W. Alorithmic Engin."}
@string{wae98 = "2nd "#wae}
@string{wcpec = "World Conf. Photovoltaic Energy Conversion"}
@string{wcpec94 = "1st "#wcpec}
@string{wcpec98 = "2nd "#wcpec}
@string{weiss = "WEISS"}
@string{weiss00 = "1st "#weiss}
@string{wpdp = "Int. W. Parall. \& Distr. Processing"}
@string{wmrd = "W. Management Replicated Data"}
@string{wmrd92 = proc#"2nd "#wmrd}
@string{wwos = "W. Workstation Operat. Syst."}
@string{wwos92 = proc#"3rd "#wwos}
@string{wwos93 = proc#"4th "#wwos}
