% Contents: Operating Systems and Computer Architecture

% Label convention:
%   Thesis:        <author>:type
%   Book:          <authors>:<abbreviated title>
%   Paper:         <authors>_<year>
%   Proceedings:   _<abbreviated title>_<year>
%
% Where <authors> is one of
%		   <author>                          for single author
%                  <author1>_<author2>	             for double author
%                  <author1>_<author2-n's initials>  for multiple authors
% <type> is one of "bsc", "be", "bce", "msc", "phd" etc.

@PhdThesis{Barham:phd,
  author = 	 "Paul Ronald Barham",
  title = 	 "Devices in a Multi-Service Operating System",
  school = 	 "University of Cambridge",
  year = 	 1996
}


@PhdThesis{Black:phd,
  author = 	 "Richard John Black",
  title = 	 "Explicit Network Scheduling",
  school = 	 "University of Cambridge",
  year = 	 1994
}


@InProceedings {Nooks_02,
  author = {Michael M. Swift and Steven Martin and Henry M. Levy and Susan J. Eggers},
  title = {Nooks: An Architecture for Reliable Device Drivers},
  booktitle = {Proceedings of the 10th {ACM} {SIGOPS} {European} {Workshop}},
  month = sep,
  year = 2002
}

@Manual{CORBA_IDL,
  title = 	 {Interface Definition Language},
  publisher = 	 {International Organization for Standardization},
  year = 	 1999,
  note =	 {ISO/IEC 14750:1999}
}


@InProceedings{KernelUser_Communication_01,
  author = {Christian Poellabauer and Karsten Schwan},
  title = {Lightweight Kernel/User Communication for Real-Time and
  Multimedia Applications},
  booktitle = {Proceedings of 11th International {Workshop} on {Network} and
  {Operating} {System} {Support} for {Digital} {Audio} and {Video}},
  month = jun,
  year = 2001,
  url = "citeseer.nj.nec.com/schwan01lightweight.html"
}

@InProceedings{NetBSD_DMA_1998,
  author = {Thorpe J.},
  title = {A machine-independent {DMA} framework for {NetBSD}},
  year = 1998
}

@InProceedings{Chou_YCHE_01,
  author = 	 {Andy Chou and Junfeng Yang and Benjamin Chelf and Seth Hallem and Dawson Engler},
  title = 	 {An Empiracal Study of Operating Systems Errors},
  booktitle = 	 sosp01,
  year =	 2001,
  month =	 oct
}

@InProceedings{Welsh_CB_01,
  author = 	 {Matt Welsh and David Culler and Eric Brewer},
  title = 	 {{SEDA}: An architecture for well-conditioned scalable
  internet services},
  booktitle = 	 sosp01,
  pages =	 {232--246},
  year =	 2001,
  month =	 oct
}

@MastersThesis{Gray:bsc,
  author = 	 {Charles Gray},
  title = 	 {Object Naming in Mungi},
  school = 	 cse,
  year = 	 2001,
  type =	 {{BSc (Hons)} Thesis},
  address =	 unswadr,
  month =	 nov,
  heldby =	 {gernot}
}

@InProceedings{Eykholt_KBFSSSVWW_92,
  author =      {Joseph R. Eykholt and Steve R. Kleiman and Steve Barton and
                 Roger Faulkner and Anil Shivalingiah and Mark Smith and
                 Dan Stein and Jim Voll and Mary Weeks and Dock Williams},
  title =       {Beyond Multiprocessing---Multithreading the {SunOS} Kernel},
  pages =       {11-18},
  booktitle =   usenix92s,
  year =        1992,
  address =     {San Antontio, TX, USA}
}

@MastersThesis{Baumann:be,
  author = 	 {Andrew Baumann},
  title = 	 {A thread model for {Mungi}},
  school = 	 cse,
  year = 	 2002,
  type =	 {{BE} Thesis},
  address =	 unswadr,
  month =	 nov,
  heldby =	 {gernot}
}


@MastersThesis{Stephens:be,
  author = 	 {Shane Stephens},
  title = 	 {Framework for biomedical applications on {PLEB}},
  school = 	 cse,
  year = 	 2001,
  type =	 {{BE} Thesis},
  address =	 unswadr,
  month =	 nov,
  heldby =	 {gernot}
}

@Unpublished{Nash_BH_02,
  author =      {Brett Nash and Ewa Z. Bem and Gernot Heiser},
  title =       {Orthogonal Persistence in the {Mungi} Operating System},
  note =        {Submitted to the 26th Australasian Computer Science Conference (ACSC)},
  year =        2002,
  month =       sep
}

@InProceedings{Intro_Multics_1965,
  author = {Corbato, F.J. and Vyssotsky, V.A.},
  title = {Introduction and Overview of the {Multics} system},
  booktitle = {Proceedings of the {AFIPS} Fall Joint Computer Conference},
  pages = {195--195},
  year = {1965}
}

@Book{ATAPI7v1,
  title = {Information Technology -- AT Attachment with Packet Interface - 7 Volume 1 (ATA/ATAPI-7 V1)},
  year = 2002,
  editor = {Peter T. McLean},
  month = aug,
  publisher = {T13 Technical Committe}
}

@Book{ATAPI7v2,
  title = {Information Technology -- AT Attachment with Packet Interface - 7 Volume 2 (ATA/ATAPI-7 V2)},
  year = 2002,
  editor = {Peter T. McLean},
  month = aug,
  publisher = {T13 Technical Committe}
}

@Manual{PCIIDE,
  title = {{PCI} {IDE} Controller Specification},
  year = 1994
}

@Manuel{BMIDE,
  title = {Programming Interface for Bus Master {IDE} Controller},
  author = {Brad Hosler},
  publisher = {Intel Corporation},
  year = 1994
}

@Proceedings{ACAC_00,
  title = 	 acac00,
  year = 	 2000,
  editor =	 {Gernot Heiser},
  address =	 {Canberra, ACT, Australia},
  month =	 jan,
  publisher =	 {IEEE CS Press},
  heldby =	 {gernot}
}

@Proceedings{ACSAC_01,
  title = 	 acsac01,
  year = 	 2001,
  editor =	 {Gernot Heiser},
  address =	 {Gold Coast, QLD, Australia},
  month =	 jan,
  publisher =	 {IEEE CS Press},
  heldby =	 {gernot}
}

@Misc{AIM:URL,
  key =		 {AIM},
  title =	 {AIM Benchmarks},
  howpublished = {\url{http://www.caldera.com/developers/community/contrib/aim.html}},
  heldby =	 {gernot},
  annote =	 {Suite 7 and 9 of what used to be AIM Technology's
                  benchmarks, GPL-ed}
}
@Misc{AIM:URL-old,
  key =		 {AIM},
  author =	 {AIM Technology},
  howpublished = {URL \url{http://www.aim.com/}},
  heldby =	 {gernot},
  annote =	 {Gone}
}

@Book{ARM:ARM,
  editor =	 {Dave Jagger},
  title = 	 {Advanced {RISC} Machines Architecture Reference Manual},
  publisher = 	 {Prentice Hall},
  year = 	 1995,
  month =	 jul,
  heldby =	 {gernot}
}

@Manual{ATT:ABI-MIPS,
  title = 	 {System V Application Binary Interface MIPS RISC
                  Processor Supplement},
  key =		 {ATT},
  organization = {AT\&T},
  edition =	 {3rd},
  year =	 1991,
  annote =	 {Supplement to X/Open:ABI}
}

@InProceedings{Abrossimov_RS_89,
  author = 	 "Vadim Abrossimov and Marc Rozier and Marc Shapiro",
  title = 	 "Generic Virtual Memory Management for Operating
		  System Kernels",
  pages =	 xyz,
  booktitle =	 sosp89,
  year =	 1989,
  address =	 "Litchfield Park, AZ, USA",
  month =	 "dec",
  heldby =	 gernot
}

@Misc{Aburto:ftp,
  key =		 {Aburto},
  author =	 {Al Aburto},
  title =	 {Benchmark collection},
  howpublished = {URL \url{ftp://ftp.nosc.mil/pub/aburto}},
  address =	 {NCCOSC, San Diego, CA, USA},
  keywords =	 {fhourstones, nsive, heapsort, mm, tfftdp}
}

@InProceedings{Ackerman_Plummer_67,
  author = 	 {Ackerman, W.B. and Plummer, W.W.},
  title = 	 {An Implementation of a multiprocessing computer system},
  booktitle = 	 sosp,
  year =	 1967,
  month =	 oct,
  heldby =	 jerry
}

@Article{Almes_BLN_85,
  author =	"Almes, G.T. and Black, A.P. and Lazowska, E.D. and Noe, J.D.",
  title =	"The {Eden} System: a Technical Review",
  year =	1985,
  month =	jan,
  journal =	ieeetose,
  volume =	"SE-11",
  number =	1,
  pages =	"43--59",
  annote =	"active objects"
}

@Manual{Alpha_92,
  title = 	 "{Alpha} Architecture Handbook",
  organization = "Digital Equipment Corp.",
  address =	 "Maynard, MA, USA",
  year =	 1992,
  heldby = 	 "gernot"
}

@Manual{Alpha_98,
  title =        {{Alpha} Architecture Handbook Version 4},
  organization = {Compaq Computer Corp.},
  year =         1998,
  heldby =       {danielp},
  note =         {\url{http://www.support.compaq.com/alpha-tools/documentation/current/alpha-ar cht/}}
}

@Article{Ames_GS_83,
  author = 	 "Ames, Stanley R. and Gasser, Morrie and Schell, Roger R.",
  title = 	 "Security Kernel Design and Implementation: An Introduction",
  journal = 	 comp,
  year = 	 1983,
  volume =	 16,
  number =	 7,
  month =	 jul,
  pages =	 "14-22",
  heldby =	 gernot
}

@InProceedings{Anderson_LBL_91,
  author = 	 "Thomas E. Anderson and Henry M. Levy and Brian N.
		  Bershad and Edward D. Lazowska",
  title = 	 "The Interaction of Architecture and Operating System
		  Design",
  volume =	 4,
  pages =	 "108--21",
  booktitle =	 asplos,
  year =	 1991,
  heldby =	 "gernot"
}

@Article{Anderson_PW_86,
  author =	"Anderson, M. and Pose, Ronald and Wallace, Chris S.",
  title =	"A Password-Capability System",
  year =	1986,
  journal =	compj,
  volume =	29,
  pages =	"1--8",
  keywords =	"Security",
  annote =	"name implies location, objects not relocatable",
  heldby =	 "gernot"
}

@Article{Anderson_Wallace_88,
  author = 	 "M. Anderson and Chris S. Wallace",
  title = 	 "Some Comments on the Implementation of Capabilities",
  journal =	 acj,
  year =	 1988,
  volume =	 20,
  number =	 3,
  pages =	 "122--33",
  keywords =	 "password capabilities",
  heldby =	 "gernot"
}

@InProceedings{Appel_Li_91,
  author = 	"Andrew W. Appel and Kai Li",
  title = 	"Virtual Memory Primitives for User Programs",
  booktitle = 	asplos91,
  year = 	1991,
  pages = 	"96--107",
  keywords =	 "multi-page mapping; concurrent garbage collection;
                  DSM; concurrent checkpointing (memory checkpointing,
                  incremental checkpointing, copy-on-write);
                  generaltional grabage collection; persistent stores",
  heldby = 	 "gernot"
}

@Book{Apple:IM:PPC,
  author =	 {{Apple Computer Inc}},
  title = 	 {Inside Macintosh: {PowerPC} System Software},
  key = 	 {Apple},
  publisher = 	 {Addison-Wesley},
  year = 	 1994,
  heldby =	 {gernot}
}

@InProceedings{Arnold_86,
  author = 	 {James Q. Arnold},
  title = 	 {Shared Libraries on {UNIX} System {V}},
  booktitle = 	 usenix86s,
  pages =	 xyz,
  year =	 1986,
  address =	 xyz,
  month =	 xyz,
  keywords =	 {global address allocation},
  heldby =	 {gernot}
}



@InProceedings{Aron_Druschel_99,
  author = 	 {Mohit Aron and Peter Druschel},
  title = 	 {Soft Timers: Efficient Microsecond Software Timer
                  Support for Network Processing},
  booktitle = 	 {sosp99},
  pages =	 {232--246},
  year =	 1999,
  address =	 {Kiawah Island, NC, USA},
  month =	 dec,
  heldby =	 {gernot}
}

@InProceedings{Aron_PJLED_01,
  author = 	 {Mohit Aron and Yoonho Park and Trent Jaeger and
                  Jochen Liedtke and Kevin Elphinstone and Luke Deller},
  title = 	 {The {SawMill} Framework for VM Diversity},
  booktitle = 	 acsac01,
  pages =	 xyz,
  year =	 2001,
  address =	 {Gold Coast, Australia},
  month =	 jan,
  publisher =	 {IEEE CS Press},
  heldby =	 {gernot}
}

@InProceedings{Atkinson_BJP_92,
  author = 	 "Malcom P. Atkinson and A. Birnie and N. Jackson and P.C.
		  Philbrow",
  title = 	 "Measuring Persistent Object Systems",
  pages =	 "63--85",
  booktitle =	 pos92,
  year = 	 1992,
  publisher =	 "Springer-Verlag",
  address =	 "San Miniato, Italy",
  heldby = 	 "gernot"
}



@Article{Atkinson_CCM_83,
  author = 	 {Malcom P. Atkinson and Ken Chisholm and Paul
                  Cockshott and Richard Marshall},
  title = 	 {Algorithms for a Persistent Heap},
  journal = 	 spe,
  year = 	 1983,
  volume =	 13,
  pages =	 {259--271},
  heldby =	 {gernot}
}

@InProceedings{Au_Heiser_01,
  author = 	 {Alan Au and Gernot Heiser},
  title = 	 {{TLB} Sharing In {IA-64} {Linux}},
  booktitle =	 {Australian Linux Conference},
  NObooktitle =  {linux.conf.au},
  year =	 2001,
  month =	 jan,
  keywords =	 {Itanium},
  note =	 {Available from \url{http://www.cse.unsw.edu.au/~disy/papers/}},
  heldby =	 {gernot}
}

@Manual{Au_Heiser_98:L4um,
  title = 	 {L4 User Manual},
  author =	 {Alan Au and Gernot Heiser},
  organization = cse,
  address =	 unswadr,
  year =	 1998,
  month =	 jan,
  note =	 {UNSW-CSE-TR-9801. Latest version available from
                  \url{http://www.cse.unsw.edu.au/~disy/L4/}},
  heldby =	 {gernot}
}

@TechReport{Au_Heiser_98:tr,
  author = 	 {Alan Au and Gernot Heiser},
  title = 	 {L4 User Manual --- Version 1.0},
  institution =  cse,
  year = 	 1998,
  type =	 {Technical Report},
  number =	 {UNSW-CSE-TR-9801},
  address =	 unswadr,
  note =	 {Latest version available from
                  \url{http://www.cse.unsw.edu.au/~disy/L4/}},
  month =	 apr,
  heldby =	 {gernot}
}

@InProceedings{Babaoglu_Joy_81,
  author = 	 {Ozalp Babaoglu and William Joy},
  title = 	 {Converting a swap-based system to do paging in an
                  architecture lacking page-reference bits},
  booktitle = 	 sosp81,
  pages =	 xyz,
  year =	 1981,
  heldby =	 {gernot}
}

@InProceedings{Badger_SSWH_95a,
  author = 	 {Lee Badger and Daniel Sterne and David Sherman and
                  Kenneth Walker and Sheila Haghighat},
  title = 	 {Practical Domain and Type Enforcement for {UNIX}},
  booktitle = 	 ieeessp95,
  pages =	 {66-77},
  year =	 1995,
  month =	 may,
  heldby =	 {antonye}
}

@InProceedings{Badger_SSWH_95b,
  author = 	 {ee Badger and Daniel Sterne and David Sherman and
                  Kenneth Walker and Sheila Haghighat},
  title = 	 {A Domain and Type Enforcement {UNIX} Prototype},
  booktitle = 	 usenixsec95,
  pages =	 {127-140},
  year =	 1995,
  month =	 jun,
  heldby =	 {antonye}
}

@InProceedings{Baker_96,
  author = 	 {D. Baker},
  title = 	 {Fortresses Built on Sand},
  booktitle = 	 {Proceedings of the New Security Paradigms Workshop},
  pages =	 {148--153},
  year =	 1996,
  address =	 {Lake Arrowhead, CA, USA},
  month =	 sep,
  organization = acm,
  heldby =	 {gernot}
}

@InProceedings{Bala_KW_94,
  author = 	 {Kavita Bala and M. Frans Kaashoek and William E. Weihl},
  title = 	 {Software Prefetching and Caching for Translation
                  Lookaside Buffers},
  booktitle = 	 osdi94,
  year =	 1994,
  organization = usenix # "/" # acm # "/" # ieee,
  address =	 {Monterey, CA, USA},
  pages =	 {243--253},
  keywords =	 {TLB},
  heldby =	 {gernot}
}

@InProceedings{Balter_CFHLP_93,
  author = 	 {R. Balter and P.Y. Chevalier and A. Feyssinet and
                  D. Hagimont and S. Lacourte and Rousset de Pina, X.},
  title = 	 {Is the Microkernel Technology Well Suited for the
                  Support of Object-Oriented Operating Systems: The
                  {Guide} Experience},
  booktitle = 	 usenixmk93,
  year =	 1993,
  address =	 {San Diego, CA, USA},
  month =	 sep,
  heldby =	 {gernot},
  pages =	 {1--11}
}

@InProceedings{Banga_DM_99,
  author = 	 {Gaurav Banga and Peter Druschel and Jeffrey C. Mogul},
  title = 	 {Resource Containers: A New Facility for Resource
                  Management in Server Systems},
  booktitle = 	 osdi99,
  pages =	 {45--58},
  year =	 1999,
  address =	 {New Orleans, LA, USA},
  month =	 feb,
  organization = usenix,
  keywords =	 {thread, process, web server},
  heldby =	 {gernot},
  annote =	 {essentially another hack around high process
                  overhead; introduce new abstraction orthogonal to
                  processes for resource management. Good survey of
                  server performance issues}
}


@InProceedings{Banga_MD_99,
  author = 	 {Gaurav Banga and Jeffrey C. Mogul and Peter Druschel},
  title = 	 {A Scalable and Explicit Event Delivery Mechanism for
                  {UNIX}},
  pages =	 {253--265},
  booktitle = 	 usenix99,
  year =	 1999,
  address =	 {Monterey, CA, USA},
  month =	 jun,
  keywords =	 {Digital UNIX},
  heldby =	 {gernot},
  annote =	 {Introduce new API to replace select(), excellent
                  scalability (throughput indep of number of
                  connetions). Based on keeping state of app interests
                  in kernel.}
}       

@Article{Bartoli_MV_93,
  author = 	 "Alberto Bartoli and Sape J. Mullender and van der
		  Valk, Martijan",
  title = 	 "Wide-Address Spaces---Exploring the Design Space",
  journal =	 osr,
  year =	 1993,
  volume =	 27,
  pages =	 "11--17",
  month =	 jan,
  heldby = 	 "gernot"
}

@Book{Bayer_GS:os,
  author = 	 {R. Bayer and M. Graham and G. Seegm{\"u}ller},
  title = 	 {Operating Systems, an Advanced Course},
  booktitle = 	 {Operating Systems, an Advanced Course},
  publisher = 	 {Springer Verlag},
  year = 	 1979,
  heldby =	 {missing in UNSW library, Fisher 005.43 2},
  annote =	 {Originally published as Vol 60 LNCS, 1978}
}

@Book{Beck_BDKMV:Linux,
  author =	 {Michael Beck and Harald B{\"o}hme and Mirko Dziadzka
                  and Ulrich Kunitz and Robert Magnus and Dirk Verworner},
  title = 	 {Linux Kernel Internals},
  publisher = 	 {Addison-Wesley},
  year = 	 1997,
  heldby =	 {gernot},
  annote =	 {Translated from German}
}

@Article{Becker_Park_91,
  author = 	 "Jeffrey C. Becker and Arvin Park",
  title = 	 "Analysis of the Paging Behavior of {UNIX}",
  journal =	 per,
  year =	 1991,
  volume =	 19,
  month =	 aug,
  heldby = 	 "gernot"
}

@TechReport{Bell_LaPadula_76,
  jerrylabel =   {Bell_Lapadula_76},
  author = 	 "Bell, D.E. and LaPadula, L.J.",
  title = 	 "Secure Computer System: Unified Exposition and
                  {Multics} Interpretation",
  institution =  "{MITRE} Corp.",
  year = 	 1976,
  number =	 "MTR-2997",
  month =	 mar,
  heldby =	 jerry
}

@InProceedings{Bem_Rosenberg_00,
  author = 	 {Ewa Z. Bem and John Rosenberg},
  title = 	 {An Approach to Implementing Persistent Computations},
  booktitle = 	 pos00,
  pages =	 xyz,
  year =	 2000,
  editor =	 xyz,
  address =	 xyz,
  month =	 oct,
  publisher =	 xyz,
  keywords =	 {Grasshopper},
  heldby =	 {gernot}
}

@InProceedings{Bem_Rosenberg_97,
  author = 	 {Eva Z. Bem and John Rosenberg},
  title = 	 {Fault Tolerance Techniques and Their Applicability
                  to Persistent Systems},
  booktitle = 	 acsc97,
  year =	 1997,
  address =	 {Sydney, Australia},
  month =	 feb,
  pages =	 {277--286},
  heldby =	 {gernot},
  annote =	 {Explains stability in Monads etc, goes back to
                  global snapshot, no distribution}
}

@Article{Bensoussan_CD_72,
  author = 	 "A. Bensoussan and C.T. Clingen and R.C. Daley",
  title = 	 "The {Multics} Virtual Memory: Concepts and Design",
  journal =	 cacm,
  year =	 1972,
  volume =	 15,
  pages =	 "308--318",
  heldby =	 "gernot"
}

@InProceedings{Benzel_ST_95,
  author = 	 {T. Benzel and E. Sebes and H. Tajalli},
  title = 	 {Identification of Subjects and Objects in a Trusted
                  Extensible Client Server Architecture},
  booktitle = 	 nissc95,
  pages =	 {83-99},
  year =	 1995,
  address =	 xyz,
  month =	 xyz,
  organization = xyz,
  publisher =	 xyz,
  heldby =	 {antonye}
}

@InProceedings{Bershad_92,
  author = 	 {Brian N. Bershad},
  title = 	 {The Increasing Irrelevance of {IPC} Performance for
                  Microkernel-Based Operating Systems},
  booktitle = 	 usenixmk92,
  year =	 1992,
  address =	 {Seattle, WA, USA},
  month =	 apr,
  pages =	 {205--211},
  heldby =	 {gernot}
}

@InProceedings{Bershad_ALL_89,
  author = 	 "Brian N. Bershad and Thomas E. Anderson and Edward
		  D. Lazowska and Henry M. Levy",
  title = 	 "Lightweight Remote Procedure Call",
  pages =	 "102--113",
  booktitle =	 sosp89,
  year =	 1989,
  address =	 xyz,
  month =	 dec,
  heldby =	 "gernot"
}

@InProceedings{Bershad_LRC_94,
  author = 	 {Brian N. Bershad and D. Lee and T. H. Romer and
                  J. Bradley Chen},
  title = 	 {Avoiding Conflict Misses Dynamically in Large
                  Direct-Mapped Caches},
  booktitle = 	 asplos94,
  pages =	 {158--170},
  year =	 1994,
  address =	 xyz,
  month =	 oct,
  heldby =	 {gernot}
}


@InProceedings{Bershad_SPSFBCE_95,
  author = 	 "Brian N. Bershad and Stefan Savage and Przemys{\l}aw
		  Pardyak and Emin G{\"u}n Sirer and Marc
		  E. Fiuczynski and David Becker and Craig Chambers
		  and Susan Eggers",
  title = 	 "Extensibility, Safety and Performance in the {SPIN}
		  Operating System",
  pages =	 "267--284",
  booktitle =	 sosp95,
  year =	 1995,
  address =	 "Copper Mountain, CO, USA",
  month =	 dec,
  heldby =	 "gernot"
}

@InProceedings{Berstis_80,
  author = 	 "Viktors Berstis",
  title = 	 "Security and Protection in the {IBM} {System/38}",
  pages =	 "245--250",
  booktitle =	 sca80,
  year =	 1980,
  organization = acm # "/" # ieee,
  month =	 may,
  keywords =	 "System/38, profile adoption/propagation",
  heldby =	 "gernot",
  annote =	 "protection domain extension"
}

@Article{Bettison_GM_9?,
  author = 	 {Andrew Bettison and Andrew Gollan and Chris Maltby},
  title = 	 {Share and Enjoy: {SHARE II} --- A User
                  Administration and Resource Control System for {UNIX}},
  journal = 	 compsys?,
  year = 	 {199?},
  volume =	 xyz,
  pages =	 {53--65},
  keywords =	 {fair share scheduler},
  heldby =	 {gernot}
}

@Article{Bishop_Dilger_96,
  author = 	 {M. Bishop and M. Dilger},
  title = 	 {Checking for Race Conditions in File Accesses},
  journal = 	 compsys,
  year = 	 1996,
  volume =	 9,
  pages =	 {131--152},
  heldby =	 {antonye}
}

@InProceedings{Boebert_84,
  author = 	 {Boebert, W.E.},
  title = 	 "On the inability of an unmodified capability machine
                  to enforce the $\star$--property",
  booktitle = 	 {7th {DoD}/{NBS} Computer Security Conferrence},
  year =	 1984,
  month =	 sep,
  pages =	 {291--293},
  heldby =	 jerry
}

@InCollection{Boebert_Kain_85,
  author = 	 {W. E. Boebert and R. Y. Kain},
  title = 	 {A Practical Alternative to Hierarchical Integrity Policies},
  booktitle = 	 ncsc85,
  pages =	 {18--27},
  publisher =	 xyz,
  year =	 1985,
  heldby =	 {antonye}
}

@InProceedings{Bonwick_94,
  author = 	 {Jeff Bonwick},
  title = 	 {The Slab Allocator: An Object-Caching Kernel},
  booktitle = 	 usenixc,
  pages =	 xyz,
  year =	 1994,
  month =	 {Winter},
  address =	 {Boston, MA, USA},
  heldby =	 {gernot}
}

@InProceedings{Bromberger_FFHLS_92,
  author = 	 {Alan C. Bromberger and A. Peri Frantz and William
                  S. Frantz and Ann C. Hardy and Norman Hardy and
                  Charles R. Landau and Jonathan S. Shapiro},
  title = 	 {The {KeyKOS} Nanokernel Architecture},
  booktitle = 	 usenixmk92,
  year =	 1992,
  address =	 {Seattle, WA, USA},
  month =	 apr,
  pages =	 {95--112},
  heldby =	 {gernot},
  annote =	 "Good explanation of advantages of capability-based protection"
}

@Article{Boykin_LoVerso_90,
  author = 	 {Joseph Boykin and Susan J. LoVerso},
  title = 	 {Recent Developments in Operating Systems},
  journal = 	 comp,
  year = 	 1990,
  volume =	 23,
  number =	 5,
  month =	 may,
  pages =	 {5--6},
  heldby =	 {gernot}
}

@InProceedings{Brecht_Sandhu_99,
  author = 	 {Tim Brecht and Harjinder Sandhu},
  title = 	 {The Region Trap Library: Handling Traps on
                  Application-Defined Regions of Memory},
  pages =	 {85--99},
  booktitle = 	 usenix99,
  year =	 1999,
  address =	 {Monterey, CA, USA},
  month =	 jun,
  keywords =	 {DSM},
  heldby =	 {gernot},
  annote =	 {Swizzle pointers between user and kernel space to
                  force traps without losing address, cool stuff}
}

@InProceedings{Brewer_Nash_89,
  author = 	 "Brewer, David F.C and Nash, Michael J.",
  title = 	 "The {C}hinese {W}all Security Policy",
  booktitle = 	 ieeessp89,
  year = 	 1989,
  month = 	 may,
  keywords =     "chinese wall, security"  ,
  heldby =	 jerry
}

@Article{Brinch_Hansen_70,
  author = 	 {Brinch Hansen, Per},
  title = 	 {The Nucleus of a Multiprogramming Operating System},
  journal = 	 cacm,
  year = 	 1970,
  volume =	 13,
  pages =	 {238--250},
  heldby =	 {gernot},
  annote =	 {Origin of idea of extensible OS, microkernel,
                  multiple OS, user-level OS services}
}

@InProceedings{Bruno_BGOS_99,
  author = 	 {John Bruna and Jos{\e'} Brustoloni and Eran Gabber
                  and Banu {\"O}zden and Abraham Silberschatz},
  title = 	 {Retrofitting Quality of Service into a Time-Sharing
                  Operating System},
  pages =	 {15--26},
  booktitle = 	 usenix99,
  year =	 1999,
  address =	 {Monterey, CA, USA},
  month =	 jun,
  keywords =	 {I/O, disk cache, seek},
  heldby =	 {gernot},
  annote =	 {Use FreeBSD, allow processes to reserve resources}
}

@InProceedings{Bruno_BGSS_99,
  author = 	 {John Buno and Jos{\'e} Brustoloni and Eran Grabber
                  and Avi Silberschatz and Christopher Small},
  title = 	 {Pebble: A Component-Based Operating System for
                  Embedded Applications},
  booktitle = 	 usenixes99,
  pages =	 xyz,
  year =	 1999,
  address =	 {Cambridge, MA, USA},
  month =	 mar,
  note =	 {microkernel, MIPS},
  heldby =	 {gernot},
  annote =	 {Domain switch abstraction avoids priority issues; no
                  scheduling in kernel; distinction between
                  (privileged) server components and (unprivileged)
                  protection domains, some (scheduler) SCs run without
                  interrupts; segregated caps.}
}

@Book{Burns_Wellings:rtspl,
  author =	 {Alan Burns and Andy Wellings},
  title = 	 {Real-Time Systems and Programming Languages},
  publisher = 	 {Addison-Wesley},
  year = 	 1996,
  edition =	 {2nd},
  heldby =	 {gernot}
}

@Article{Cabrera_LS_92,
  author = 	 {Luis-Felipe Cabrera and A.W. Luniewski and J.W. Stamos},
  title = 	 {Fine-Grained Access Control in a Transactional
                  Object-Oriented System},
  journal = 	 compsys,
  year = 	 1992,
  volume =	 5,
  number =	 3,
  month =	 {Summer},
  pages =	 xyz,
  keywords =	 {capabilities},
  heldby =	 {gernot}
}

@InProceedings{Castro_Liskov_99,
  author = 	 {Miguel Castro and Barbara Liskov},
  title = 	 {Practical {Byzantine} Fault Tolerance},
  booktitle = 	 osdi99,
  pages =	 {173--186},
  year =	 1999,
  address =	 {New Orleans, LA, USA},
  month =	 feb,
  organization = usenix,
  keywords =	 {replication},
  heldby =	 {gernot},
  annote =	 {Survive floor(n-1/3)}
}

@Article{Chang_Gehringer_96,
  author = 	 {J. Morris Chang and Edward F. Gehringer},
  title = 	 {A High-Performance Memory Allocator for
                  Object-Oriented Systems},
  journal = 	 ieeetc,
  year = 	 1996,
  volume =	 45,
  pages =	 {357--366},
  heldby =	 {gernot},
  annote =	 {memory allocation hardware}
}                

@InProceedings{Chang_Mergen_87,
  author = 	 {Albert Chang and Mark F. Mergen},
  title = 	 {801 Storage --- Architecture and Programming},
  booktitle = 	 sosp87,
  pages =	 {109--110},
  year =	 1987,
  address =	 {Austin, TX, USA},
  month =	 nov,
  keywords =	 {IBM PC RT, inverted page table (IPT), transaction
                  locking, sub-page granularity, memory-mapped files,
                  32/40 bit segmented address space},
  heldby =	 {gernot}
}

@Article{Chang_Mergen_88,
  author = 	 {Albert Chang and Mark F. Mergen},
  title = 	 {801 {S}torage: Architecture and Programming},
  journal = 	 tocs,
  year = 	 1988,
  volume =	 6,
  pages =	 {28--50},
  keywords =	 {IBM PC RT, inverted page table (IPT), transaction
                  locking, sub-page granularity, memory-mapped files,
                  32/40 bit segmented address space},
  heldby =	 {gernot}
}

@InProceedings{Channon_KH_97,
  author = 	 {David Channon and David Koch and Michael Hannaford},
  title = 	 {A study of Static and Dynamically Re-configurable
                  Partitioned {TLBs}},
  booktitle = 	 acac97,
  year =	 1997,
  publisher =	 {Springer-Verlag},
  address =	 {Sydney, Australia},
  month =	 feb,
  pages =	 {97--114},
  heldby =	 {gernot}
}

@InProceedings{Channon_LK_97,
  author = 	 {David Channon and Raymond Lai and David Koch},
  title = 	 {Associativity Revisited --- A Study of Set, Column and
                  Skewed Associative {TLB}s using {SPEC}95},
  booktitle = 	 acac97,
  year =	 1997,
  publisher =	 {Springer-Verlag},
  address =	 {Sydney, Australia},
  month =	 feb,
  pages =	 {81--96},
  heldby =	 {gernot}
}

@InProceedings{Chao_MS_90,
  author = 	 {C. Chao and M. Mackey and B. Sears},
  title = 	 {Mach on a Virtually Addressed Cache Architecture},
  booktitle = 	 usenixmach,
  year =	 1990,
  pages =	 {31--51},
  annote =	 {Ref [Chao 1990] in \cite{Chase_LFL_94}}
}

@InProceedings{Chapin_97,
  author = 	 {John Chapin},
  title = 	 {A Fresh Look at Memory Hierachy Management},
  booktitle = 	 hotos97,
  pages =	 {130--134},
  year =	 1997,
  address =	 {Cape Cod, MA, USA},
  month =	 may,
  heldby =	 {gernot}
}

@PhdThesis{Chase:phd,
  author = 	 "Jeffrey S. Chase",
  title = 	 "An Operating System Structure for Wide-Address
		  Architectures",
  school = 	 "University of Washington",
  year = 	 1995,
  keywords =	 "Opal, SASOS",
  heldby =	 "gernot",
  note =         {URL \url{http://www.cs.duke.edu/~chase/research/thesis.ps}}
}

@InProceedings{Chase_LBL_92,
  author = 	 "Jeff S. Chase and Hank M. Levy and Miche
		  Baker-Harvey and Edward D. Lazowska",
  title = 	 "Opal: A Single Address Space System for 64-bit
		  Architectures",
  booktitle =	 wwos92,
  year = 	 1992,
  organization = ieee,
  address =	 "Key Biscayne, FL, USA",
  pages =	 "80--85",
  keywords =	 {SASOS},
  heldby = 	 "gernot"
}

@TechReport{Chase_LBL_92:tr,
  author = 	 "Jeff S. Chase and Hank M. Levy and Michael
		  Baker-Harvey and Edward D. Lazowska",
  title = 	 "How to Use a 64-bit Virtual Address Space",
  institution =  "Department of Computer Science and Engineering",
  year = 	 1992,
  type =	 "Technical Report",
  number =	 "92-03-02",
  keywords =	 {SASOS, Opal},
  address =	 "University of Washington, Seattle, WA, USA",
  heldby = 	 "gernot",
  note =         {URL \url{ftp://ftp.cs.washington.edu/tr/1992/03/UW-CSE-92-03-02.PS.Z}}
}

@Article{Chase_LFL_94,
  author = 	 "Jeffrey S. Chase and Henry M. Levy and Michael J.
		  Feeley and Edward D. Lazowska",
  title = 	 "Sharing and Protection in a Single-Address-Space
		  Operating System",
  journal =	 tocs,
  year =	 1994,
  volume =	 12,
  pages =	 "271--307",
  keywords =	 "SASOS, large address space, virtual memory,
		  operating system, shared memory, Opal",
  heldby = 	 "gernot"
}

@InProceedings{Chase_LLB_92,
  author = 	 "Jeff S. Chase and Hank M. Levy and Edward D.
		  Lazowska and Michael Baker-Harvey",
  title = 	 "Lightweight Shared Objects in a 64-Bit Operating System",
  key = 	 "CLLB92",
  booktitle =	 oopsla,
  year =	 1992,
  keywords =	 {SASOS, Opal},
  heldby = 	 "gernot"
}

@InProceedings{Chase_LT_92,
  author = 	 "Jeff Chase and Hank Levy and Ashutosh Tiwary",
  title = 	 "Using Virtual Addresses as Object References",
  pages =	 "245--8",
  month = 	 sep,
  booktitle =	 iwooos92,
  year = 	 1992,
  NOeditor =	 "Luis-Felipe Cabrera and Eric Jul",
  organization = ieee,
  address =	 "Dourdan, France",
  keywords =	 {SASOS, Opal},
  heldby = 	 "gernot"
}

@InProceedings{Chen_BJ_92,
  author = 	 {J. Bradley Chen and Anita Borg and Norman P. Jouppi},
  title = 	 {A Simulation Based Study of {TLB} Performance},
  booktitle = 	 isca92,
  year =	 1992,
  organization = acm,
  pages =	 xyz,
  heldby =	 {gernot}
}

@InProceedings{Chen_Bershad_93,
  author = 	 {J. Bradley Chen and Brian N. Bershad},
  title = 	 {The Impact of Operating System Structure on Memory
                  System Performance},
  booktitle = 	 sosp93,
  year =	 1993,
  address =	 {Asheville, NC, USA},
  month =	 dec,
  pages =	 {120--133},
  heldby =	 {gernot},
  annote =	 {Shows that Mach performance is worse than Ultix on
                  same hardware, mostly due to cache misses, blames it
                  on microkernel design}
}

@Article{Chen_ECMDSS_96,
  author = 	 {J. Bradley Chen and Yasuhiro Endo and Kee Chan and
                  David Mazi{\`e}res and Antonio Diaz and Margo
                  Seltzer and Michael D. Smith},
  title = 	 {The Measured Performance of Personal Computer
                  Operating Systems},
  journal = 	 tocs,
  year = 	 1996,
  volume =	 14,
  pages =	 {3--40},
  keywords =	 {NetBSD, NT, Windows for Workgroups},
  heldby =	 {gernot}
}

@InProceedings{Cheng_87,
  author = 	 {R. Cheng},
  title = 	 {Virtual Address Cache in {Unix}},
  booktitle = 	 usenix87s,
  pages =	 {217--224},
  year =	 1987,
  address =	 xyz,
  month =	 xyz,
  keywords =	 {synonym},
  heldby =	 {gernot},
  annote =	 {Apparenty source of the alignment technique for
                  avoiding synonym problems in virtual caches [check]}
}

@InProceedings{Cheriton_94,
  author = 	 {David Cheriton},
  title = 	 {Low and High Risk Operating System Architectures, (Panel)},
  booktitle = 	 osdi94,
  year =	 1994,
  address =	 {Monterey, CA, USA},
  month =	 nov,
  heldby =	 {gernot}
}

@InProceedings{Cheriton_Duda_94,
  author = 	 {David R. Cheriton and K. Duda},
  title = 	 {A Caching Model of Operating System Functionality},
  booktitle = 	 osdi94,
  year =	 1994,
  address =	 {Monterey, CA, USA},
  month =	 nov,
  pages =	 {14--17}
}

@InProceedings{Cheriton_Duda_95,
  author = 	 "David R. Cheriton and Kenneth J. Duda",
  title = 	 "Logged Virtual Memory",
  pages =	 "26--39",
  booktitle =	 sosp95,
  year =	 1995,
  address =	 "Copper Mountain, CO, USA",
  month =	 dec,
  heldby =	 "gernot"
}

@InProceedings{Cheung_Heiser_02,
  author = 	 {Kingsley Cheung and Gernot Heiser},
  title = 	 {A Resource Management Framework for Priority-Based
                  Physical-Memory Allocation},
  booktitle = 	 acsac02,
  pages =	 xyz,
  year =	 2002,
  editor =	 {J Morris and F Lai},
  address =	 {Monash University, Melbourne, Australia},
  month =	 jan,
  publisher =	 xyz,
  heldby =	 {gernot}
}

@Article{Cheung_Loong_95,
  author = 	 "W.H. Cheung and Anthony H.S. Loong",
  title = 	 "Exploring Issues of Operating Systems Structuring:
		  from Microkernel to Extensible Systems",
  journal =	 osr,
  year =	 1995,
  volume =	 29,
  number =	 4,
  pages =	 "4--16",
  heldby =	 gernot
}

@Article{Clark_66,
  author = 	 {W. A. Clark},
  title = 	 {The Functional Structure of {OS/360} Part {III}:
                  Data Management},
  journal = 	 {IBM Systems Journal},
  year = 	 1966,
  volume =	 5,
  pages =	 {30--51},
  heldby =	 {gernot}
}

@Article{Clark_Corrigan_89,
  author = 	 {B.E. Clark and M.J. Corrigan},
  title = 	 {Application {S}ystem/400 performance characteristics},
  journal = 	 ibmsj,
  year = 	 1989,
  volume =	 28,
  pages =	 {407--423},
  keywords =	 {AS/400},
  heldby =	 {gernot}
}

@Article{Clark_Emer_85,
  author = 	 "Douglas W. Clark and Joel S. Emer",
  title = 	 "Performance of the {VAX}-11/780 Translation Buffer:
		  Simulation and Measurement",
  journal =	 tocs,
  year =	 1985,
  volume =	 3,
  pages =	 "31--62",
  keywords =	 {translation lookaside buffer, TLB, trace-driven
		  simulation, virtual memory},
  heldby =	 {gernot},
  annote =	 "describes VAX address translation"
}

@Article{Clark_Hoffman_94,
  author = 	 "Paul C. Clark and Lance J. Hoffman",
  title = 	 "{BITS}: A Smartcard Protected Operating System",
  journal =	 cacm,
  year =	 1994,
  volume =	 37,
  number =	 11,
  pages =	 "66--70",
  month =	 nov,
  heldby =	 "gernot"
}

@InProceedings{Clark_Wilson_87,
  author = 	 {David D. Clark and David R. Wilson},
  title = 	 {A Comparison of Commercial and Military Computer
                  Security Policies},
  booktitle = 	 ieeessp,
  pages =	 {184--194},
  year =	 1987,
  address =	 {Oakland, CA, USA},
  month =	 apr,
  keywords =	 {well-formed transactions},
  heldby =	 {jont},
  annote =       {Fundamental paper in integrity systems, as it tries
                  to bring separation of duties and well formed from
                  the commercial world to computer systems.}
}

@Article{Cocke_81,
  author = 	 {John Cocke},
  title = 	 {Virtual to Real Address Translation Using Hashing},
  journal = 	 ibmdscl,
  year = 	 1981,
  volume =	 24,
  number =	 6,
  month =	 nov,
  pages =	 xyz,
  keywords =	 {inverted page tables},
  heldby =	 {gernot},
  annote =	 {invention of IPT}
}

@InProceedings{Cohen_Jefferson_75,
  author = 	 "E. Cohen and D. Jefferson",
  title = 	 "Protection in the {HYDRA} Operating System",
  pages =	 "141--59",
  booktitle =	 sosp75,
  year =	 1975,
  heldby =	 "gernot"
}

@Article{Cook_78,
  author = 	 "Douglas Cook",
  title = 	 "The Cost of using the {CAP} Computer's Protection
		  Facilities",
  journal =	 osr,
  year =	 1978,
  volume =	 12,
  number =	 2,
  pages =	 "26--30",
  month =	 apr,
  heldby =	 "gernot"
}

@Article{Cornhill_SLRT_87,
  author = 	 {D. Cornhill and L. Sha and J. Lehoczky and
                  R. Rajkumar and H. Tokuda},
  title = 	 {Limitations of {Ada} for Real-Time Scheduling},
  journal = 	 adal,
  year = 	 1987,
  volume =	 xyz,
  number =	 xyz,
  pages =	 {33-39},
  month =	 xyz,
  note =	 {Wait-free locking},
  heldby =	 {gernot}
}

@InProceedings{Cranor_Parkular_99,
  author = 	 {Charles D. Cranor and Gurudatta M. Parkular},
  title = 	 {The {UVM} Virtual Memory System},
  pages =	 {117-130},
  booktitle = 	 usenix99,
  year =	 1999,
  address =	 {Monterey, CA, USA},
  month =	 jun,
  keywords =	 {I/O, disk cache, seek},
  heldby =	 {gernot},
  annote =	 {Replaced (Mach-based) FreeBSD VM system}
}

@Book{Custer:INT,
  author =	 {Helen Custer},
  title = 	 {Inside {Windows-NT}},
  publisher = 	 {Microsoft},
  year = 	 1993,
  heldby =	 {gernot},
  annote =	 {Superseded by \cite{Solomon:INT}}
}

@Book{Custer:INTFS,
  author =	 {Helen Custer},
  title = 	 {Inside the {Windows-NT} File System},
  publisher = 	 {Microsoft},
  year = 	 1994,
  heldby =	 {gernot}
}

@Article{Daley_Dennis_68,
  author = 	 "R.C. Daley and J.B. Dennis",
  title = 	 "Virtual Memory, Processes, and Sharing in {Multics}",
  journal =	 cacm,
  year =	 1968,
  volume =	 11,
  number =	 5,
  pages =	 "306--312",
  month =	 may,
  heldby =	 "gernot"
}

@InProceedings{DeFrancesco_VMP_92,
  author = 	 {N. De Francesco and G. Vaglini and L.V. Mancini and
                  Pereira Pax, A},
  title = 	 {Specification of Concurrency Control in Persistent
                  Programming Languages},
  booktitle = 	 {pos92},
  year =	 1992,
  publisher =	 {Springer-Verlag},
  address =	 {San Miniato, Italy},
  month =	 sep,
  pages =	 {126--143},
  heldby =	 {gernot}
}

@InProceedings{Dean_Armand_92,
  author = 	 {Randall W. Dean and Francois Armand},
  title = 	 {Data Movement in Kernelized Systems},
  booktitle = 	 usenixmk92,
  year =	 1992,
  address =	 {Seattle, WA, USA},
  month =	 apr,
  pages =	 {243--261},
  heldby =	 {gernot},
  annote =	 "Good comparison of Mach and Chorus"
}

@InProceedings{Dearle_BFHHLNRV_94,
  author = 	 "Alan Dearle and di Bona, Rex and James Farrow and
		  Frans Henskens and David Hulse and Anders
		  Lindstr{\"o}m and Stephen Norris and John Rosenberg
		  and Francis Vaughan",
  title = 	 "Protection in the {Grasshopper} Operating System",
  series =	 "Workshops in Computing",
  pages =	 "60--78",
  booktitle =	 pos94,
  year =	 1994,
  publisher =	 "Springer-Verlag",
  address =	 "Tarascon, France",
  month =	 sep,
  heldby =	 "gernot"
}

@Article{Dearle_BFHLRV_94,
  author = 	 "Alan Dearle and di Bona, Rex and James Farrow and
		  Frans Henskens and Anders Lindstr{\"o}m and Francis Vaughan",
  title = 	 "Grasshopper: An Orthogonally Persistent Operating System",
  journal =	 compsys,
  year =	 1994,
  volume =	 7,
  number =	 3,
  pages =	 "289--312",
  heldby =	 "gernot"
}

@TechReport{Deller_Heiser_98:tr,
  author = 	 {Luke Deller and Gernot Heiser},
  title = 	 {Linking Programs in {Mungi}},
  institution =  {cse},
  year = 	 1998,
  type =	 {Technical Report},
  number =	 {UNSW-CSE-TR-9805},
  address =	 unswadr,
  month =	 aug,
  heldby =	 {gernot}
}

@InProceedings{Deller_Heiser_99,
  author = 	 {Luke Deller and Gernot Heiser},
  title = 	 {Linking Programs in a Single Address Space},
  booktitle = 	 usenix99,
  year =	 1999,
  address =	 {Monterey, Ca, USA},
  month =	 jun,
  pages =	 {283--294},
  keywords =	 {dynamic linking, position-independent code},
  heldby =	 {gernot}
}

@InProceedings{Deller_Heiser_99a,
  author = 	 {Luke Deller and Gernot Heiser},
  title = 	 {Linking Programs in {Mungi}},
  booktitle = 	 acsc99,
  year =	 1999,
  publisher =	 {Springer Verlag},
  address =	 {Auckland, New Zealand},
  month =	 jan,
  pages =	 {312--323},
  keywords =	 {dynamic linking, position-independent code},
  heldby =	 {gernot}
}

@Article{Denning_68,
  author = 	 "Peter J. Denning",
  title = 	 "The Working Set Model for Program Behavior",
  journal =	 cacm,
  year =	 1968,
  volume =	 11,
  pages =	 "323--333",
  heldby =	 "gernot"
}

@Article{Denning_70,
  author = 	 "Peter J. Denning",
  title = 	 "Virtual Memory",
  journal =	 acmcs,
  year =	 1970,
  volume =	 2,
  pages =	 "154--189",
  heldby =	 "gernot"
}

@Article{Denning_76,
  author = 	 "Denning, Dorothy. E.",
  title = 	 "A Lattice Model of Secure Information Flow",
  journal = 	 cacm,
  year = 	 1976,
  volume =	 19,
  pages =	 "236-242",
  heldby =	 jerry
}

@Article{Dennis_VanHorn_66,
  author = 	 "J.B. Dennis and Van Horn, E.C.",
  title = 	 "Programming Semantics for Multiprogrammed Computers",
  journal =	 cacm,
  year =	 1966,
  volume =	 9,
  pages =	 "143--55",
  annote =	 "The original capabilities paper.",
  heldby =	 "gernot"
}

@Article{Dijkstra_68,
  author = 	 {Edsger W. Dijkstra},
  title = 	 {The Structure of the ``{THE}'' Multiprogramming System},
  journal = 	 cacm,
  year = 	 1968,
  volume =	 11,
  pages =	 {341--346},
  keywords =	 {layered OS design, semaphores (orig, ref?)},
  heldby =	 {gernot},
  annote = 	 {single-user, no assembler, Algol-60; level 0:
                  interrupt handler, level 1: virtual memory, level 2:
                  terminal I/O \& multiplexing, level 3: streams, level
                  4: applications}
}

@Article{Dimitrov_KKP_91,
  author = 	"Boyan Dimitrov and Zohel Khalil and Nikolay Kolev and
		 Peter Petrov",
  title = 	"On the Optimal Total Processing Time Using Checkpoints",
  journal = 	ieeetose,
  year = 	1991,
  volume = 	17,
  pages = 	"436--442",
  keywords = 	"Laplace-Steiltjes Transform, fault tolerance, single-node",
  heldby =	 "gernot"
}

@Manual{DoD_85:orange,
  title = 	 "Trusted Computer System Evaluation Criteria",
  organization = "US Department of Defence",
  year =	 1986,
  note =	 "DoD 5200.28-STD",
  keywords =	 {C2 security etc},
  heldby =	 {gernot},
  annote =	 "Orange book"
}

@InProceedings{Doorn_HT_95,
  author = 	 {van Doorn, Leendert and Philip Homburg and Andrew
                  S. Tanenbaum},
  title = 	 {Paramecium: An extensible object-based kernel},
  booktitle = 	 hotos95,
  pages =	 xyz,
  year =	 1995,
  month =	 may,
  heldby =	 {gernot}
}

@InProceedings{Dougan_MY_99,
  author = 	 {Cort Dougan and Paul Mackerras and Victor Yodaiken},
  title = 	 {Optimizing the Idle Task and Other {MMU} Tricks},
  booktitle = 	 {osdi99},
  pages =	 {229--237},
  year =	 1999,
  address =	 {New Orleans, LA, USA},
  month =	 feb,
  organization = usenix,
  keywords =	 {Linux, PowerPC, TLB, page tables},
  heldby =	 {gernot},
  annote =	 {port to 32-bit PPC (HW-loaded TLB); compare with AIX
                  and Apple MkLinux (Mach); sloppy references.
		  physical addresses for kernel to increase TLB
                  coverage, strraightforward optimisation of TLB miss
                  handler, 2LPT faster than HPT (caching), map ASIDs
                  to seg regs, use idle task to clean PTE cache, not
                  very thorough analysis & refs to prior work}
}

@InProceedings{Draves_BRD_91,
  author = 	 {R.P. Draves and Brian N. Bershad and R.F. Rashid and
                  R.W. Dean},
  title = 	 {Using Continuations to Implement Thread Management
                  and Communication in Operating Systems},
  booktitle = 	 sosp91,
  pages =	 xyz,
  year =	 1991,
  address =	 {Asilomar, CA, USA},
  month =	 oct,
  heldby =	 {gernot}
}

@InProceedings{Druschel_PZ_97,
  author = 	 {Peter Druschel and Vivek S. Pai and Willy Zwaenepoel},
  title = 	 {Extensible Kernels are Leading {OS} Research Astray},
  booktitle = 	 hotos97,
  year =	 1997,
  address =	 xyz,
  month =	 may,
  heldby =	 {gernot}
}

@InProceedings{Duff_90,
  author = 	"Tom Duff",
  title = 	"Rc---A Shell for {Plan} 9 and {UNIX} Systems",
  booktitle = 	ukuug,
  year = 	1990,
  pages = 	"21--33",
  address = 	"London, UK",
  heldby = 	 "gernot"
}

@MastersThesis{Edwards:be,
  author = 	 {Antony Edwards},
  title = 	 {A Component Architecture for System Extensibility},
  school = 	 cse,
  year = 	 2000,
  type =	 {{BE} Thesis},
  address =	 unswadr,
  month =	 nov,
  note =	 {Available from \url{http://www.cse.unsw.edu.au/~disy/papers/}},
  keywords =	 {interface, security, mandatory access control, forwarding,
                  aggregation, delegation, Mungi},
  heldby =	 {gernot}
}

@InProceedings{Edwards_Heiser_01,
  author = 	 {Antony Edwards and Gernot Heiser},
  title = 	 {{C}omponents + {S}ecurity = {OS E}xtensibility},
  booktitle = 	 acsac01,
  pages =	 {27--34},
  year =	 2001,
  address =	 {Gold Coast, Australia},
  month =	 jan,
  publisher =	 {IEEE CS Press},
  heldby =	 {gernot}
}

@TechReport{Edwards_Heiser_01:tr,
  author = 	 {Antony Edwards and Gernot Heiser},
  title = 	 {A Component Architecture for System Extensibility},
  institution =  cse,
  year = 	 2001,
  type =	 {Technical Report},
  number =	 {UNSW-CSE-TR-0103},
  address =	 unswadr,
  month =	 mar,
  note =	 {URL
                  \url{ftp://ftp.cse.unsw.edu.au/pub/doc/papers/UNSW/0103.ps.Z}},
  heldby =	 {gernot},
  annote =	 {Antony's BE Thesis}
}

@InProceedings{Edwards_Heiser_01a,
  author = 	 {Antony Edwards and Gernot Heiser},
  title = 	 {Secure {OS} Extensibility That Doesn't Cost an Arm and a Leg},
  booktitle = 	 hotos01,
  month =	 may,
  address =	 {Schloss Elmau, Germany},
  year =	 2001,
  heldby =	 {gernot}
}

@Unpublished{Edwards_TH_01,
  author = 	 {Antony Edwards and Jonathon Tidswell and Gernot Heiser},
  title = 	 {An Access Control Model for Extensible Systems},
  note = 	 {Submitted to 10th USENIX Security Symposium},
  month =	 feb,
  year =	 2001,
  heldby =	 {gernot}
}

@Article{Ekandham_Bernstein_79,
  author = 	 "Kattamuri Ekandham and Arthur J. Bernstein",
  title = 	 "Conditional Capabilities",
  journal =	 ieeetose,
  year =	 1979,
  volume =	 5,
  pages =	 "458--464",
  heldby =	 "gernot"
}

@InProceedings{Ellis_99,
  author = 	 {Carla Ellis},
  title = 	 {The Case for Higher-Level Power Management},
  booktitle = 	 hotos99,
  pages =	 xyz,
  year =	 1999,
  address =	 {Rio Rico, AZ, USA},
  month =	 mar,
  heldby =	 {gernot}
}

@PhdThesis{Elphinstone:phd,
  author = 	 {Kevin Elphinstone},
  title = 	 {Virtual Memory in a 64-bit Microkernel},
  school = 	 cse,
  year = 	 1999,
  type =	 {{PhD} Thesis},
  address =	 unswadr,
  month =	 mar,
  note =	 {Available from
                  \url{http://www.cse.unsw.edu.au/~disy/papers/}},
  heldby =	 {gernot}
}

@TechReport{Elphinstone_93:tr,
  author = 	 "Kevin Elphinstone",
  title = 	 "Address Space Management Issues in the {Mungi}
		  Operating System",
  institution =  cse,
  year = 	 1993,
  type =	 "Technical Report",
  number =	 {UNSW-CSE-TR-9312},
  address =	 unswadr,
  month =	 nov,
  heldby = 	 "gernot"
}

@Unpublished{Elphinstone_99:wp:sched,
  author = 	 {Kevin Elphinstone},
  title = 	 {Scheduling Stuff},
  note = 	 {Working paper. Saw Mill Linux Project, IBM TJ Watson
                  Research Lab},
  month =	 oct,
  year =	 1999,
  heldby =	 {gernot}
}

@Manual{Elphinstone_HL:L4-79,
  title = 	 {L4 Reference Manual: {MIPS R4x00}, Version 1.11,
                  Kernel Version 79},
  author =	 {Kevin Elphinstone and Gernot Heiser and Jochen Liedtke},
  organization = cse,
  address =	 unswadr,
  month =	 may,
  year =	 1999,
  note =	 {Available from \url{http://www.cse.unsw.edu.au/~disy/L4/}},
  heldby =	 {gernot},
  annote =	 {Keep, this is referred to by ``Inside L4/MIPS''}
}

@Manual{Elphinstone_HL:L4rm,
  title = 	 {L4 Reference Manual: {MIPS R4x00}},
  author =	 {Kevin Elphinstone and Gernot Heiser and Jochen Liedtke},
  organization = cse,
  address =	 unswadr,
  year =	 1997,
  month =	 dec,
  note =	 {UNSW-CSE-TR-9709. Latest version available from
                  \url{http://www.cse.unsw.edu.au/~disy/L4/}},
  heldby =	 {gernot}
}

@TechReport{Elphinstone_HL_97:tr,
  author = 	 "Kevin Elphinstone and Gernot Heiser and Jochen Liedtke",
  title = 	 "L4 Reference Manual --- {MIPS R4x00} --- {Version} 1.0",
  institution =  cse,
  year = 	 1997,
  type =	 "Technical Report",
  number =	 "UNSW-CSE-TR-9709",
  address =	 unswadr,
  month =	 dec,
  note =	 {Latest version available from
                  \url{http://www.cse.unsw.edu.au/~disy/L4/}},
  heldby =	 {gernot}
}

@TechReport{Elphinstone_HL_98:tr,
  author = 	 {Kevin Elphinstone and Gernot Heiser and Jochen Liedtke},
  title = 	 {Page Tables for 64-bit Computer Systems},
  institution =  cse,
  year = 	 1998,
  type =	 {Technical Report},
  number =	 {UNSW-CSE-TR-9804},
  address =	 unswadr,
  month =	 aug,
  keywords =	 {GPT},
  heldby =	 {gernot},
  annote =	 {Subm ACAC '99}
}

@InProceedings{Elphinstone_HL_99,
  author = 	 {Kevin Elphinstone and Gernot Heiser and Jochen Liedtke},
  title = 	 {Page Tables for 64-bit Computer Systems},
  booktitle = 	 acac99,
  year =	 1999,
  publisher =	 {Springer Verlag},
  address =	 {Auckland, New Zealand},
  month =	 jan,
  pages =	 {211-226},
  keywords =	 {guarded page tables, hashed page tables, clustered
                  page tables, multi-level page tables},
  note =	 {Available from URL
                  \url{http://www.cse.unsw.edu.au/~disy/papers/}},
  heldby =	 {gernot}
}

@TechReport{Elphinstone_RH_94:tr,
  author = 	 "Kevin Elphinstone and Stephen Russell and Gernot Heiser",
  title = 	 "Issues in Implementing Virtual Memory",
  institution =  cse,
  year = 	 1994,
  type =	 "Technical Report",
  number =	 {UNSW-CSE-TR-9411},
  address =	 unswadr,
  month =	 sep,
  heldby = 	 "gernot"
}

@InProceedings{Engler_KO_95,
  author = 	 "Dawson R. Engler and M. Frans Kaashoek and
		  O'Toole, Jr., James",
  title = 	 "Exokernel: An Operating System Architecture for
		  Application-Level Resource Management",
  pages =	 "251--266",
  booktitle =	 sosp95,
  year =	 1995,
  address =	 "Copper Mountain, CO, USA",
  month =	 dec,
  heldby =	 "gernot"
}

@Article{Fabry_74,
  author = 	 "R.S. Fabry",
  title = 	 "Capability-Based Addressing",
  journal =	 cacm,
  year =	 1974,
  volume =	 17,
  pages =	 "403--412",
  heldby =	 "gernot"
}

@TechReport{Feeley_CL_93,
  author = 	 {Michael J. Feeley and Jeffrey S. Chase and Edward
                  D. Lazowska},
  title = 	 {User-Level Threads and Interprocess Communication},
  institution =  {Department of Computer Science \& Engineering},
  year = 	 1993,
  type =	 {Technical report},
  number =	 {93-02-03},
  address =	 {University of Washington, Seattle, WA 98195, USA},
  keywords =	 {OThreads, Opal, SASOS, performance},
  heldby =	 {gernot}
}

@InProceedings{Finkel_KJNR_90,
  author = 	 {David Finkel and Robert E. Kinicki and Aju John and
                  Bradford Nichols and Somesh Rao},
  title = 	 {Developing Benchmarks to Measure the Performance of
                  the {Mach} Operating System},
  booktitle = 	 usenixmach,
  pages =	 xyz,
  year =	 1990,
  address =	 xyz,
  month =	 xyz,
  heldby =	 {antonye}
}

@Article{Fitzgerald_Rashid_86,
  author = 	 {Robert Fitzgerald and Richard Rashid},
  title = 	 {The Integration of Virtual Memory Management and
                  Interprocess Communication in {Accent}},
  journal = 	 tocs,
  year = 	 1986,
  volume =	 4,
  pages =	 {147--177},
  keywords =	 {copy-on-write},
  heldby =	 {gernot}
}

@InProceedings{Flinn_Satya_99,
  author = 	 {Jason Flinn and M. Satyanarayanan},
  title = 	 {Energy-Aware Adaptation for Mobile Applications},
  booktitle = 	 sosp99,
  pages =	 {48--63},
  year =	 1999,
  address =	 {Kiawah Island, NC USA},
  month =	 dec,
  heldby =	 {gernot}
}

@InProceedings{Ford_BBLLS_97,
  author = 	 {Bryan Ford and Godmar Back and Greg Benson and Jay
                  Leprau and Albert Lin and Olin Shivers},
  title = 	 {The {Flux} {OSKit}: A Substrate for Kernel and
                  Language Research},
  booktitle = 	 sosp97,
  pages =	 {38--51},
  year =	 1997,
  address =	 {St Malo, France},
  month =	 oct,
  heldby =	 {gernot}
}

@InProceedings{Ford_HLMT_99,
  author = 	 {Brian Ford and Mike Hibler and Jay Lepreau and
                  Roland McGrath and Patrick Tullmann},
  title = 	 {Interface and Execution Models in the {Fluke} Kernel},
  booktitle = 	 osdi99,
  pages =	 {101--115},
  year =	 1999,
  address =	 {New Orleans, LA, USA},
  month =	 feb,
  organization = usenix,
  keywords =	 {atomic, restartable system calls},
  heldby =	 {gernot},
  annote =	 {Chckpt & migration at user level requires thread
                  state to be user-visible, implies atomic state
                  changes only, need atomic or multi-stage
                  restartable API}
}

@InProceedings{Ford_HLTBC_96,
  author = 	 {Bryan Ford and Mike Hibler and Jay Lepreau and
                  Patrick Tullmann and Godmar Back and Stephen Clawson},
  title = 	 {Microkernels Meet Recursive Virtual Machines},
  booktitle = 	 osdi96,
  year =	 1996,
  address =	 {Seattle, WA, USA},
  month =	 oct,
  pages =	 {137--151},
  heldby =	 {gernot},
  annote =	 {Argues that one needs context-relative addresses,
                  however, in a SASOS, this shouldn't be a problem.}
}

@InProceedings{Ford_Susarla_96,
  author = 	 {Brian Ford and Sai Susarla},
  title = 	 {{CPU} Inheritance Scheduling},
  booktitle = 	 osdi96,
  pages =	 {91--105},
  year =	 1996,
  address =	 {Seattle, WA, USA},
  month =	 oct,
  heldby =	 {gernot}
}

@Article{Fotheringham_61,
  author = 	 {J. Fotheringham},
  title = 	 {Dynamic Storage Allocation in the {Atlas} Computer,
                  Including an Automatic Use of a Backign Store},
  journal = 	 cacm,
  year = 	 1961,
  volume =	 4,
  month =	 oct,
  pages =	 {435--436},
  keywords =	 {paging, virtual memory},
  heldby =	 {gernot}
}

@InProceedings{Frantz_Landau_93,
  author = 	 {William S. Frantz and Charles R. Landau},
  title = 	 {Object Oriented Transaction Processing in the
                  {KeyKOS} Microkernel},
  booktitle = 	 usenixmk93,
  year =	 1993,
  address =	 {San Diego, CA, USA},
  month =	 sep,
  heldby =	 {gernot},
  pages =	 {13--26}
}

@InProceedings{Gabber_SBBS_99,
  author = 	 {Eran Gabber and Christopher Small and John Bruno and
                  Jos{\'e} Brustoloni and Avi Silberschatz},
  title = 	 {The {Pebble} Component-Based Operating System},
  pages =	 {267--282},
  booktitle = 	 usenix99,
  year =	 1999,
  address =	 {Monterey, CA, USA},
  month =	 jun,
  keywords =	 {},
  heldby =	 {gernot},
  annote =	 {instead of IPC have portals - non-blocking cross
                  domain calls. Portal (= context switching) code
                  generated dynamically, no general purpose code in
                  nucleus. Cost is indirection at invokation.}
}

@InProceedings{Gamsa_KAS_99,
  author = 	 {Ben Gamsa and Orran Krieger and Jonathan Appavoo and
                  Michael Stumm},
  title = 	 {Tornado: Maximising Locality and Concurrency in a
                  Shared Memory Multiprocessor Operating System},
  booktitle = 	 {osdi99},
  pages =	 {87--100},
  year =	 1999,
  address =	 {New Orleans, LA, USA},
  month =	 feb,
  organization = usenix,
  keywords =	 {false sharing, caches, NUMA, object-orientation,
                  protectged procedure call},
  heldby =	 {gernot},
  annote =	 {implemented OS from scratch, runs on Toronto
                  architecture and SimOS, complete system}
}

@InProceedings{Ganapathy_Schimmel_98,
  author = 	 {Narayanan Ganapathy and Curt Schimmel},
  title = 	 {General Purpose Operating System Support for
                  Multiple Page Sizes},
  booktitle = 	 usenix98,
  year =	 1998,
  address =	 {New Orleans, USA},
  month =	 jun,
  heldby =	 {gernot}
}

@InProceedings{Ganger_Patt_94,
  author = 	 {Gregory Ganger and Yale N. Patt},
  title = 	 {Metadata Update Performance in File Systems},
  booktitle = 	 osdi94,
  pages =	 {49--60},
  year =	 1994,
  address =	 {Monterey, CA, USA},
  month =	 nov,
  keywords =	 {delayed updates, soft updates},
  heldby =	 {gernot}
}

@InProceedings{Garrett_SBKMTWL_93,
  author = 	 {W. E. Garrett and M. L. Scott and R. Bianchini and
                  L. I. Kontothanassis and R. A. McCallum and
                  J. A. Thomas and R. Wisniewski and S. Luk},
  title = 	 {Linking Shared Segments},
  booktitle = 	 usenix93w,
  year =	 1993,
  address =	 {San Diego, Ca, USA},
  month =	 jan,
  pages =	 xyz,
  keywords =	 {Opal, SASOS},
  heldby =	 {gernot}
}

@Book{Gasser:Secure_System,
  author = 	 {Morrie Gasser},
  title = 	 {Building a Secure Computer System},
  publisher = 	 {Van Nostrand Reinhold},
  year = 	 1988,
  address =	 {New York},
  heldby =	 {UNSW Library}
}

@InProceedings{Gehringer_79,
  author = 	 "Edward F. Gehringer",
  title = 	 "Variable-Length Capabilities as a Solution to the
		  Small-Object Problem",
  pages =	 "131--142",
  booktitle =	 sosp79,
  year =	 1979,
  organization = acm,
  heldby =	 "gernot"
}

@InProceedings{Gingell_MS_87,
  author = 	 {Robert A. Gingell and Joseph P. Moran and William A. Shannon},
  title = 	 {Virtual Memory Architecture in {SunOS}},
  booktitle = 	 usenixc,
  pages =	 {81-94},
  year =	 1987,
  address =	 {Phoenix, AZ, USA},
  month =	 {Summer},
  heldby =	 {cls}
}

@Article{Gligor_79,
  author =	"Gligor, V.D.",
  title =	"Review and Revocation of Access Privileges
                  Distributed Through Capabilities",
  year = 	1979,
  journal =	ieeetose,
  volume =	5,
  pages =	"575-568",
  heldby =	 jerry
}

@InProceedings{Goel_Duchamp_96,
  author = 	 {Shantanu Goel and Dan Duchamp},
  title = 	 {Linux Device Driver Emulation in Mach},
  booktitle = 	 usenix96,
  year =	 1996,
  address =	 {San Diego, CA, USA},
  month =	 jan,
  pages =	 xyz,
  heldby =	 {gernot}
}

@InProceedings{Gong_89,
  author = 	 {Gong, Li},
  title = 	 {A Secure Identity-Based Capability System},
  booktitle = 	 {Proceedings of the Symposium on Security and Privacy},
  year =	 1989,
  month =	 may,
  pages =	 {56--63},
  heldby =	 jerry
}

@MastersThesis{Goodall:msc,
  author = 	 "David Goodall",
  title = 	 "Operating system instrumentation methods",
  school = 	 cse,
  year = 	 1993,
  type =	 "Master's Thesis",
  address = 	 unswadr,
  heldby = 	 "gernot"
}

@InCollection{Gray_79,
  author = 	 {Jim N. Gray},
  title = 	 {Notes on Data Base Operating Systems},
  crossref =	 {Bayer_GS:os},
  pages =	 {393--481},
  annote =	 {2 phase commit protocol reference, "Compendium of
                  DBM OS folklore"},
  heldby =	 {gernot}
}

@Misc{Green:Multics,
  key =		 {Green: Multics},
  author =	 {Paul Green},
  title =	 {Multics Virtual Memory --- Tutorial and Reflections},
  howpublished = {URL \url{ftp://ftp.stratus.com/pub/vos/multics/pg/mvm.html}},
  month =	 may,
  year =	 1993
}

@Article{Grimm_Bershad_01,
  author = 	 {Robert Grimm and Brian Bershad},
  title = 	 {Separating Access Control Policy, Enforcement and
                  Functionality in Extensible Systems},
  journal = 	 tocs,
  year = 	 2001,
  volume =	 19,
  pages =	 xyz,
  heldby =	 {gernot}
}

@InProceedings{Grimm_Bershad_97,
  author = 	 {Robert Grimm and Brian Bershad},
  title = 	 {Security for Extensible Systems},
  booktitle = 	 hotos97,
  pages =	 {62--66},
  year =	 1997,
  address =	 {Cape Cod, MA, USA},
  month =	 may,
  heldby =	 {gernot}
}

@TechReport{Grimm_Bershad_97:tr,
  author = 	 {Robert Grimm and Brian Bershad},
  title = 	 {Access Control in Extensible Systems},
  institution =  {Dept of Computer Science \& Engineering, University of Washington},
  year = 	 1997,
  type =	 {Technical Report},
  number =	 {UW-CSE-97-11-01},
  address =	 {Seattle, WA, USA},
  month =	 xyz,
  heldby =	 {antonye}
}

@TechReport{Grimm_Bershad_98:tr,
  author = 	 {Robert Grimm and Brian Bershad},
  title = 	 {Providing Policy-Neutral and Transparent Access
                  Control in Extensible Systems},
  institution =  {Dept of Computer Science \& Engineering, University
                  of Washington},
  year = 	 1998,
  type =	 {Technical Report},
  number =	 {UW-CSE-98-02-02},
  address =	 {Seattle, WA, USA},
  month =	 xyz,
  heldby =	 {antonye}
}

@InProceedings{Guillemont_LOR_91,
  author = 	"Marc Guillemont and Jim Lipkins and Doug Orr and Marc Rozier",
  title = 	"A Second-Generation Micro-Kernel Based {UNIX};
		 Lessons in Performance and Compatibility",
  booktitle = 	usenix91w,
  year = 	1991,
  pages = 	"13--22"
}

@InProceedings{Habert_MA_90,
  author = 	 "Sabine Habert and Laurence Mosseri and Vadim Abrossimov",
  title = 	 "{COOL}: Kernel Support for Object-Oriented Environments",
  pages =	 "269--77",
  booktitle =	 oopsla,
  year =	 1990,
  annote =	 "COOL=Chorus Object-Oriented Layer",
  heldby = 	 "gernot"
}

@InProceedings{Haeberlen_LPRU_00,
  author = 	 {Andreas Haeberlen and Jochen Liedtke and Yoonho Park
                  and Lars Reuther and Volkmar Uhlig},
  title = 	 {Stub-code Performance is Becoming Important},
  booktitle = 	 weiss00,
  pages =	 xyz,
  year =	 2000,
  address =	 {San Diego, CA, USA},
  month =	 oct,
  heldby =	 {gernot}
}

@InProceedings{Hagmann_87,
  author = 	 {Robert Hagmann},
  title = 	 {Reimplementing the {Cedar} File System Using Logging
                  and Group Commit},
  booktitle = 	 sosp87,
  pages =	 {155-162},
  year =	 1987,
  address =	 {Austin, TX, USA},
  month =	 nov,
  keywords =	 {B-tree directory, logging for metadata updates,
                  group commit (lazy logging), data consecutive to metadata},
  heldby =	 {gernot}
}

@TechReport{Hand_97,
    title      = "{ESPRIT LTR} 21917 ({P}egasus {II}): {D}eliverable 2.3.1: 
                  Virtual Address Management",
    author     = "Steven Hand",
    institution = "University of Cambridge Computer Laboratory",
    month      = "July",
    year       = 1997,
    heldby =	 jerry,
    note       = {Available from
                  \url{http://www.cl.cam.ac.uk/Research/SRG/pegasus/papers/vam.ps.gz}}
}

@InProceedings{Hand_99,
  author = 	 {Steven M. Hand},
  title = 	 {Self-Paging in the {Nemesis} Operating System},
  booktitle = 	 osdi99,
  pages =	 {73--86},
  year =	 1999,
  address =	 {New Orleans, LA, USA},
  month =	 feb,
  organization = usenix,
  keywords =	 {QoS crosstalk, quality of service, real-time,
                  multi-media, multi-service},
  heldby =	 {gernot},
  annote =	 {Guarantees for resources: CPU, RAM, disk, NW
                  interfaces. App does own paging; has "frame stack"
                  to designate replacable frames. Misconceptions about
                  microkernel paging (e.g. L4)}
}

@Article{Hansen_LMMP_82,
  author = 	 "Paul M. Hansen and Mark A. Linton and Robert N. Mayo
		  and Marguerite Murphy and David A. Patterson",
  title = 	 "A Performance Evaluation of the {Intel} {iAPX} 432",
  journal =	 can,
  year =	 1982,
  volume =	 10,
  number =	 4,
  pages =	 "17--26",
  month =	 jun,
  heldby =	 "gernot"
}

@Book{Harbron:FS,
  author = 	 "T.R. Harbron",
  title = 	 "File Systems: Structures and Algorithms",
  publisher = 	 "Prentice-Hall",
  year = 	 1988
}

@Article{Hardy_85,
  author = 	 {Norman Hardy},
  title = 	 {{KeyKOS} Architecture},
  journal = 	 osr,
  year = 	 1985,
  volume =	 19,
  number =	 4,
  month =	 oct,
  pages =	 {8--25},
  heldby =	 {gernot}
}

@InProceedings{Harrison_Ruzzo_75,
  author = 	 "Michael A. Harrison and Walter L. Ruzzo",
  title = 	 "On Protection in Operating Systems",
  pages =	 "14--24",
  booktitle =	 sosp75,
  year =	 1975,
  organization = acm,
  heldby =	 "gernot"
}

@InProceedings{Hartig_HLSW_97,
  author = 	 {Hermann H{\"a}rtig and Michael Hohmuth and Jochen
                  Liedtke and Sebastian Sch{\"o}nberg and Jean Wolter},
  title = 	 {The Performance of $\mu$-Kernel-Based Systems},
  booktitle = 	 sosp97,
  year =	 1997,
  address =	 {St. Malo, France},
  month =	 oct,
  pages =	 {66--77},
  keywords =	 {L4, Linux},
  heldby =	 {gernot}
}

@InProceedings{Hawblitzel_CCHE_98,
  author = 	 {Chris Hawblitzel and Chi-Chao Chang and Grzegorz
                  Czajkowski and Deyu Hu and von Eicken, Thorsten},
  title = 	 {Implementing Multiple Protection Domains in Java},
  booktitle = 	 usenix98,
  year =	 1998,
  address =	 {New Orleans, USA},
  month =	 jun,
  heldby =	 {gernot}
}

@Book{Heinrich:R4000,
  author =	 {Joseph Heinrich},
  title = 	 {{MIPS} {R4000} User's Manual},
  publisher = 	 {Prentice Hall},
  year = 	 1993,
  heldby =	 {gernot}
}

@TechReport{Heiser:IL4,
  author = 	 {Gernot Heiser},
  title = 	 {Inside {L4/MIPS}: Anatomy of a High-Performance Microkernel},
  institution =  {OS Research Group},
  year = 	 2000,
  type = 	 {Report},
  number =	 xyz,
  address =	 cse # {, } # unswadr,
  month =	 xyz,
  note =	 {Latest version available from
                  \url{http://www.cse.unsw.edu.au/~disy/L4/}},
  heldby =	 {gernot}
}

@InProceedings{Heiser_01,
  author = 	 {Gernot Heiser},
  title = 	 {Dealing with {TLB} Tags},
  booktitle = 	 {2nd Workshop on Microkernels and Microkernel-based Systems},
  year =	 2001,
  editor =	 {K. Elphinstone},
  address =	 {Lake Louise, Alta, Canada},
  month =	 oct,
  heldby =	 {gernot}
}

@TechReport{Heiser_EVRL_97:tr,
  author = 	 "Gernot Heiser and Kevin Elphinstone and Jerry
                  Vochteloo and Stephen Russell and Jochen Liedtke",
  title = 	 "Implementation and Performance of the {Mungi}
                  Single-Address-Space Operating System",
  institution =  unsw,
  year = 	 1997,
  type =	 {Technical Report},
  number =	 {UNSW-CSE-TR-9704},
  address =	 unswadr,
  month =	 jun,
  heldby = 	 {gernot}
}

@Article{Heiser_EVRL_98,
  author = 	 {Gernot Heiser and Kevin Elphinstone and Jerry
                  Vochteloo and Stephen Russell and Jochen Liedtke},
  title = 	 {The {Mungi} Single-Address-Space Operating System},
  journal = 	 spe,
  year = 	 1998,
  volume =	 28,
  number =	 9,
  month =	 jul,
  pages =	 {901--928},
  heldby =	 {gernot}
}

@TechReport{Heiser_LR_97:tr,
  author = 	 {Gernot Heiser and Fondy Lam and Stephen Russell},
  title = 	 {Resource Management in the {Mungi}
                  Single-Address-Space Operating System},
  institution =  unsw,
  year = 	 1997,
  type =	 {Technical Report},
  number =	 {UNSW-CSE-TR-9705},
  address =	 unswadr,
  month =	 aug,
  heldby = 	 {gernot}
}

@InProceedings{Heiser_LR_98,
  author = 	 {Gernot Heiser and Fondy Lam and Stephen Russell},
  title = 	 {Resource Management in the {Mungi}
                  Single-Address-Space Operating System},
  booktitle = 	 acsc98,
  year =	 1998,
  publisher =	 {Springer-Verlag},
  address =	 {Perth, Australia},
  month =	 feb,
  pages =	 {417--428},
  note =	 {Also available as UNSW-CSE-TR-9705 from
                  \url{http://www.cse.unsw.edu.au/school/research/tr.html}},
  heldby =	 {gernot}
}

@Article{Hennessy_84,
  author = 	 {John L. Hennessy},
  title = 	 {{VLSI} Processor Architecture},
  journal = 	 ieeetc,
  year = 	 1984,
  volume =	 33,
  pages =	 {1221--1246},
  keywords =	 {RISC, CISC},
  heldby =	 {gernot}
}

@Article{Herbert_78,
  author = 	 "A.J. Herbert",
  title = 	 "A New Protection Architecture for the {Cambridge}
		  Capability Computer",
  journal =	 osr,
  year =	 1978,
  volume =	 12,
  number =	 1,
  pages =	 "24--28",
  month =	 jan,
  heldby =	 "gernot",
  annote =	 {CAP}
}

@InProceedings{Hicks_WO_97,
  author = 	 {Patrick  Hicks and  Matthew  Walnock and  Robert
                  Michael  Owens},
  title = 	 {Analysis  of Power  Consumption  in Memory  Hierarchies},
  booktitle = 	 islped97,
  pages =	 {239--242},
  year =	 1997,
  address =	 {Monterey, CA USA},
  month =	 aug,
  heldby =	 {gernot}
}

@InProceedings{Ho_CL_95,
  author = 	 {W. Wilson Ho and Wei-Chau Chang and Lilian H. Leung},
  title = 	 {Optimizing the Performance of Dynamically-Linked Programs},
  booktitle = 	 usenix95,
  pages =	 {225-233},
  year =	 1995,
  address =	 {New Orleans, LA, USA},
  month =	 jan,
  heldby =	 {gernot},
  annote =	 {I think this works only in 32-bit. Also have
                  significant startup overhead. Why didn't we see this?}
}

@InProceedings{Ho_CL_95,
  author = 	 {W. Wilson Ho and Wei-Chau Chang and Lilian H. Leung},
  title = 	 {Optimizing the Performance of Dynamically-Linked Programs},
  pages =	 {225--233},
  year =	 1995,
  address =	 {New Orleans, LA, USA},
  month =	 jan,
  keywords =	 {Quickstart, Irix 5.3., MIPS R4400},
  heldby =	 {gernot},
  annote =	 {Reduce startup latency by using absolute addresses
                  for main module entry points; this is only
                  beneficial in 32-bit.}
}

@Article{Hoare_74,
  author = 	"C.A.R. Hoare",
  title = 	"Monitors: An Operating System Structuring Concept",
  journal = 	cacm,
  year = 	1974,
  volume = 	17,
  pages = 	"549--57",
  keywords = 	"synchronisation, semaphores"
}

@Article{Hoch_Browne_80,
  author = 	 "Charles Hoch and J.C. Browne",
  title = 	 "An Implementation of Capabilities on the {PDP}-11/45",
  journal =	 osr,
  year =	 1980,
  volume =	 14,
  number =	 3,
  pages =	 "22--31",
  month =	 jul,
  heldby =	 "gernot"
}

@Article{Hogan_88,
  author =	"Hogan, Carole. B.",
  title =	"Protection Imperfect: The Security of Some Computing
                  Environments",
  year =	1988,
  journal =	osr,
  volume =	22,
  number =	3,
  pages =	"7--27",
  heldby =	 jerry
}

@InProceedings{Hosking_Moss_93,
  author = 	 {Anthony L. Hosking and J. Eliot B. Moss},
  title = 	 {Protection Traps and Alternatives for Memory
                  Management of an Object-Oriented Language},
  booktitle = 	 sosp93,
  pages =	 {106--119},
  year =	 1993,
  address =	 {Asheville, NC, USA},
  month =	 dec,
  heldby =	 {gernot}
}

@Article{Howarth_PS_61,
  author = 	 {D.J. Howarth and R.B. Payne and F.H. Summer},
  title = 	 {The {Manchester} University {Atlas} Operating
                  System---Part {II}: Users' Description},
  journal = 	 compj,
  year = 	 1961,
  volume =	 4,
  pages =	 {226--229},
  keywords =	 {virtual memory},
  heldby =	 {gernot}
}

@Article{Hsu_Chang_97,
  author = 	 {Shang-Te Hsu and Ruei-Chuan Chang},
  title = 	 {Continuous Checkpointing: Joining the Checkpointing
                  with Virtual Memory Paging},
  journal = 	 spe,
  year = 	 1997,
  volume =	 27,
  pages =	 {1103--1120},
  keywords =	 {fault tolerance; incremental checkpoint; memory paging},
  heldby =	 {gernot}
}

@InProceedings{Huck_Hays_93,
  author = 	 {Jerry Huck and Jim Hays},
  title = 	 {Architectural Support for Translation Table
                  Management in Large Address Space Machines},
  booktitle = 	 isca93,
  year =	 1993,
  organization = acm,
  pages =	 {39--50},
  heldby =	 {gernot}
}

@Article{Hwu_Conte_94,
  author = 	 "Wen-mei W. Hwu and Thomas M. Conte",
  title = 	 "The Susceptibility of Programs to Context Switching",
  journal =	 ieeetc,
  year =	 1994,
  volume =	 43,
  pages =	 "994--1003",
  heldby =	 "gernot"
}

@Manual{IA-32:asdm1,
  title = 	 {{IA-32} Architecture Software Developer's Manual
                  Volume 1: Basic Architecture},
  organization = {Intel Corp.},
  year =	 2002,
  note =	 {URL \url{http://developer.intel.com/design/pentium4/manuals/245470.htm}},
  heldby =	 {gernot}
}

@Manual{IA-32:asdm2,
  title = 	 {{IA-32} Architecture Software Developer's Manual
                  Volume 2: Instruction Set Reference},
  organization = {Intel Corp.},
  year =	 2002,
  note =	 {URL \url{http://developer.intel.com/design/pentium4/manuals/245471.htm}},
  heldby =	 {gernot}
}


@Manual{IA-32:asdm3,
  title = 	 {{IA-32} Architecture Software Developer's Manual
                  Volume 1: System Programming Guide},
  organization = {Intel Corp.},
  year =	 2001,
  note =	 {URL \url{ftp://download.intel.com/design/Pentium4/manuals/245472.htm}},
  heldby =	 {gernot}
}

@Manual{IA-64:asdm,
  title = 	 {{IA-64} Architecture Software Developer's Manual},
  organization = {Intel Corp.},
  month =	 feb,
  year =	 2000,
  keywords =	 {Itanium},
  note =	 {URL \url{http://developer.intel.com/design/ia-64/index.htm}},
  heldby =	 {gernot}
}

@Manual{IA-64:asdm1,
  title = 	 {{IA-64} Architecture Software Developer's Manual
                  Volume 1: {IA-64} Application Architecture},
  organization = {Intel Corp.},
  month =	 jan,
  year =	 2000,
  keywords =	 {Itanium},
  note =	 {URL
                  \url{http://developer.intel.com/design/ia-64/index.htm},
                  order no 245317-001},
  heldby =	 {gernot}
}

@Manual{IA-64:asdm2,
  title = 	 {{IA-64} Architecture Software Developer's Manual
                  Volume 2: {IA-64} System Architecture},
  organization = {Intel Corp.},
  month =	 jan,
  year =	 2000,
  keywords =	 {Itanium},
  note =	 {URL \url{http://developer.intel.com/design/ia-64/index.htm},
                  order no 245318-001},
  heldby =	 {gernot}
}

@Manual{IA-64:asdm3,
  title = 	 {{IA-64} Architecture Software Developer's Manual
                  Volume 3: Instruction Set Reference},
  organization = {Intel Corp.},
  month =	 jan,
  year =	 2000,
  keywords =	 {Itanium},
  note =	 {URL \url{http://developer.intel.com/design/ia-64/index.htm},
                  order no 245319-001},
  heldby =	 {gernot}
}

@Manual{IA-64:asdm4,
  title = 	 {{IA-64} Architecture Software Developer's Manual
                  Volume 4: {Itanium} Processor Programmer's Guide},
  organization = {Intel Corp.},
  month =	 jan,
  year =	 2000,
  keywords =	 {Itanium},
  note =	 {URL \url{http://developer.intel.com/design/ia-64/index.htm},
                  order no 245320-001},
  heldby =	 {gernot}
}

@Misc{IA-64_Sim_00,
  key =		 {HPIA64DK},
  author =	 {Hewlett-Packard Company and Intel Corporation},
  title =	 {IA-64 Developer's Kit for Linux},
  howpublished = {URL \url{http://www.hp.com/pressrel/jun00/13jun00a.htm}},
  month =	 jun,
  year =	 2000,
  keywords =	 {Simulator, Itanium},
  heldby =	 {gernot}
}

@Manual{ISO15408_99,
  title = 	 {Information Technology --- Security Techniques ---
                  Evaluation Criteria for {IT} Security},
  year =	 1999,
  note =	 {ISO/IEC International Standard 15408},
  heldby =	 {gernot}
}

@InProceedings{Jacob_Mudge_97,
  author = 	 {Bruce Jacob and Trevor Mudge},
  title = 	 {Software-Managed Address Translation},
  booktitle = 	 hpca97,
  pages =	 {156--167},
  year =	 1997,
  address =	 xyz,
  month =	 xyz,
  heldby =	 {gernot}
}

@Article{Jacob_Mudge_98,
  author = 	 {Bruce Jacob and Trevor Mudge},
  title = 	 {Virtual Memory: Issues of Implementation},
  journal = 	 comp,
  year = 	 1998,
  volume =	 31,
  month =	 jun,
  pages =	 {33-43},
  heldby =	 {gernot}
}

@Article{Jacob_Mudge_98a,
  author = 	 {Bruce Jacob and Trevor Mudge},
  title = 	 {Virtual Memory in Contemporary Microprocessors},
  journal = 	 micro,
  year = 	 1998,
  volume =	 xyz,
  month =	 jul # {--} # aug,
  pages =	 {60--75},
  heldby =	 {gernot}
}

@InProceedings{Jacob_Mudge_98b,
  author = 	 {Bruce L. Jacob and Trevor N. Mudge},
  title = 	 {A Look at Several Memory Management Units,
                  {TLB}-Refill Mechanisms, and Page Table Organisations},
  booktitle = 	 asplos98,
  pages =	 {295--306},
  year =	 1998,
  address =	 {San Jose, CA, USA},
  month =	 oct,
  organization = acm,
  heldby =	 {gernot}
}

@InCollection{Jaeger_99,
  author = 	 {Trent Jaeger},
  title = 	 {Access Control in Configurable Systems},
  booktitle = 	 {Secure Internet Programming: Security Issues for Distributed and Mobile Objects},
  pages =	 xyz,
  publisher =	 xyz,
  year =	 1999,
  editor =	 {J. Vitek and C. Jensen},
  month =	 sep,
  note =	 {Available from: \url{http://www.research.ibm.com/sawmill/}},
  heldby =	 {gernot}
}

@InProceedings{Jaeger_ELPP_99,
  author = 	 {Trent Jaeger and Kevin Elphinstone and Jochen
                  Liedtke and Vsevolod Panteleenko and Yoonho Park},
  title = 	 {Flexible access control using {IPC} redirection},
  booktitle = 	 hotos99,
  pages =	 xyz,
  year =	 1999,
  address =	 {Rio Rico, AZ, USA},
  month =	 mar,
  heldby =	 {gernot}
}

@InProceedings{Jaeger_LI_98,
  author = 	 {Trent Jaeger and Jochen Liedtke and Nayeem Islam},
  title = 	 {Operating System Protection for Fine-Grained Programs},
  booktitle = 	 usenixsec98,
  year =	 1998,
  address =	 {San Antonio, Tx, USA},
  month =	 jan,
  pages =	 xyz,
  heldby =	 {gernot},
  annote =        "How to use L4 to implement protection"
}

@Unpublished{Jayasooriah_93,
  author = 	 "Jayasooriah",
  title = 	 "Protection in Large Address Space Processors",
  note = 	 "Working paper",
  year =	 1993,
  month =	 jan,
  heldby =	 "gernot"
}

@MastersThesis{Jayawardene:be,
  author =       {Vincent Jayawardene},
  title =        {An Intensional Engine on {L4}},
  school =       cse,
  year =         1999,
  type =         {{BE} Thesis},
  address =      unswadr,
  month =        nov,
  keywords =     {intensional, lucid, demand driven},
  heldby =       {gernot}
}

@InProceedings{Johnson_KW_95,
  author = 	 "Kirk L. Johnson and M. Frans Kaaskoek and Deborah
		  A. Wallach",
  title = 	 "{CRL}: High-Performance All-Software Distributed
		  Shared Memory",
  pages =	 "213--228",
  booktitle =	 sosp95,
  year =	 1995,
  address =	 "Copper Mountain, CO, USA",
  month =	 dec,
  heldby =	 "gernot"
}                            

@InCollection{Jones_78,
  author = 	 {Anita K. Jones},
  title = 	 {The Object Model: A Conceptual Tool for Structuring Software},
  crossref =	 {Bayer_GS:os},
  pages =	 {7--16},
  heldby =	 {gernot}
}

@Article{Jones_80,
  author = 	 "A.K. Jones",
  title = 	 "Capability Architecture Revisited",
  journal =	 osr,
  year =	 1980,
  volume =	 14,
  number =	 3,
  pages =	 "33--5"
}

@InProceedings{Juan_LN_97,
  author = 	 {Toni Juan and Tomas Lang and Juan J. Navarro},
  title = 	 {Reducing {TLB} Power Requirements},
  booktitle = 	 islped97,
  pages =	 {196--201},
  year =	 1997,
  address =	 {Monterey, CA USA},
  month =	 aug,
  heldby =	 {gernot}
}

@InProceedings{Kahn_CDDHHMPG_81,
  author = 	 "Kevin C. Kahn and M. Corwin and T. Don Dennis and
		  Herman D'Hooge and David E. Hubka and Linda
		  A. Hutchins and John T. Montague and Fred J. Pollack
		  and Michael R. Gifkins",
  title = 	 "{iMAX}: A Multiprocessor Operating System for an
		  Object-Based Computer",
  pages =	 "127--136",
  booktitle =	 sosp81,
  year =	 1981,
  heldby =	 "gernot"
}

@Article{Kain_Landwehr_87,
  jerrylabel =   {Kain_87},
  author =      "Kain, R.Y. and Landwehr, C.E.",
  title =       "On Access Checking in Capability-Based Systems",
  year =        1987,
  month =       feb,
  journal =     ieeetose,
  volume =      13,
  pages =       "202-207",
  heldby =	 jerry
}

@InProceedings{Kaiser_Czaja_92,
  author = 	 "J{\"o}rg Kaiser and Karol Czaja",
  title = 	 "{ACOM}: An Access Control Monitor Providing
		  Protection in Persistent Object-Oriented Systems",
  booktitle =	 pos92,
  pages =	 xyz,
  year = 	 1992,
  publisher =	 "Springer-Verlag",
  address =	 "San Miniato, Italy",
  heldby = 	 "missing"
}

@InProceedings{Kaiser_Czaja_92a,
  author = 	 "J{\"o}rg Kaiser and Karol Czaja",
  title = 	 "Lightweight Hardware Support for Protection in
		  Object-Oriented Systems",
  pages =	 "264--272",
  booktitle =	 iwooos92,
  year =	 1992,
  organization = ieee,
  address =	 "Dourdan, France",
  month =	 "sep",
  heldby =	 "gernot"
}

@PhdThesis{Kakkad:phd,
  author = 	 {Sheetal V. Kakkad},
  title = 	 {Address Translation and Storage Management for
                  Persistent Object Stores},
  school = 	 {The University of Texas at Austin},
  year = 	 1997,
  type =	 {PhD thesis},
  month =	 dec,
  keywords =	 {Texas persistent store},
  heldby =	 {gernot}
}

@InProceedings{Kamble_Ghose_97,
  author = 	 {Milind  B. Kamble and Kanad Ghose},
  title = 	 {Analytical  Energy  Dissipation  Models  For  Low
                  Power  Caches},
  booktitle = 	 islped97,
  pages =	 {143--148},
  year =	 1997,
  address =	 {Monterey, CA USA},
  month =	 aug,
  heldby =	 {gernot}
}

@Misc{Kamp_93,
  author =	 {Poul-Henning Kamp},
  title =	 {{Malloc(3)} in Modern Virtual Memory Environments},
  howpublished = {\url{http://docs.freebsd.org/44doc/papers/malloc.ps.gz}},
  month =	 apr,
  year =	 1996,
  heldby =	 {cls}
}

@InProceedings{Kandiraju_Sivasubramaniam_02,
  author = 	 {Gokul  B. Kandiraju and Anand Sivasubramaniam},
  title = 	 {Going the Distance for {TLB} Prefetching: An
                  Application-driven Study},
  booktitle = 	 isca02,
  pages =	 xyz,
  year =	 2002,
  address =	 {Anchorage, USA},
  month =	 may,
  heldby =	 {gernot}
}

@InProceedings{Kandiraju_Sivasubramaniam_02a,
  author = 	 {Gokul  B. Kandiraju and Anand Sivasubramaniam},
  title = 	 {Characterizing the d-{TLB} Behavior of {SPEC}
                  {CPU2000} Benchmarks},
  booktitle = 	 sigmetrics02,
  pages =	 xyz,
  year =	 2002,
  address =	 xyz,
  month =	 xyz,
  keywords =	 {TLB bottleneck},
  heldby =	 {gernot}
}

@Book{Kane_Heinrich:MIPS,
  author = 	 {Kane, Gerry and Heinrich, Joe},
  title = 	 {{MIPS} {RISC} Architecture},
  publisher = 	 {Prentice Hall},
  year = 	 1992,
  heldby =	 gernot
}

@PhdThesis{Karger:phd,
  author = 	 {Paul Karger},
  title = 	 {Improving Security and Performance for Capability Systems},
  school = 	 {University of Cambridge Computer Laboratory},
  year = 	 1988,
  note =	 {Technical Report No.~149},
  heldby =	 {gernot}
}

@TechReport{Katcher_97,
  author = 	 {Jeffrey Katcher},
  title = 	 {{PostMark}: A New File System Benchmark},
  institution =  {Network Appliance},
  year = 	 1997,
  type =	 {Technical Report},
  number =	 {TR3022},
  note =	 {URL \url{http://www.netapp.com/tech_library/3022.html}},
  heldby =	 {gernot}
}

@Article{Kay_Lauder_88,
  author = 	 "J. Kay and P. Lauder",
  title = 	 "A Fair Share Scheduler",
  journal =	 cacm,
  year =	 1988,
  volume =	 31,
  number =	 1,
  pages =	 "44--55",
  month =	 jan,
  heldby =	 "gernot"
}

@InProceedings{Keedy_84,
  author = 	 "J. Leslie Keedy",
  title = 	 "An Implementation of Capabilities without a Central
		  Mapping Table",
  booktitle = 	 hicss84,
  year = 	 1984,
  organization = ieee,
  pages =	 "180--85",
  keywords =	 "Original Monads paper?"
}

@InProceedings{Keedy_Brossler_92,
  author = 	 {J. Leslie Keedy and Peter Br{\"o}ssler},
  title = 	 {Implementing Databases in the {MONADS} Virtual Memory},
  booktitle = 	 {pos92},
  year =	 1992,
  publisher =	 {Springer-Verlag},
  address =	 {San Miniato, Italy},
  month =	 sep,
  pages =	 {318--338},
  heldby =	 {gernot}
}

@Article{Kessler_Hill_92,
  author = 	 {R. E. Kessler and Mark D. Hill},
  title = 	 {Page placement algorithms for large real-indexed caches},
  journal = 	 tocs,
  year = 	 1992,
  volume =	 10,
  pages =	 {338--359},
  heldby =	 {gernot}
}

@TechReport{Khalidi_JW_94,
  author = 	 {Yousef A. Khalidi and Vikram P. Joshi and Dock Williams},
  title = 	 {A Study of the Structure and Performance of {MMU}
                  Handling Software},
  institution =  {Sun Microsystems Labs},
  year = 	 1994,
  type =	 {Technical Report},
  number =	 {SMLI TR-94-28},
  address =	 {Mountainview, CA, USA},
  month =	 jun,
  heldby =	 {kevine}
}

@InProceedings{Khalidi_Nelson_93,
  author = 	 {Yousef A. Khalidi and Michael N. Nelson},
  title = 	 {A Flexible External Paging Interface},
  booktitle = 	 usenixmk93,
  year =	 1993,
  address =	 {San Diego, CA, USA},
  month =	 sep,
  heldby =	 {gernot},
  pages =	 {127--140}
}

@InProceedings{Khalidi_TNW_93,
  author = 	 {Yousef A. Khalidi and Madhusudhan Talluri and
                  Michael N. Nelson and Dock Williams},
  title = 	 {Virtual Memory Support for Multiple Page Sizes},
  booktitle = 	 wwos93,
  year =	 1993,
  organization = acm,
  address =	 {Napa, CA, USA},
  heldby =	 {gernot}
}

@TechReport{Khalidi_Talluri_95:tr,
  author = 	 {Yousef A. Khalidi and Madhusudhan Talluri},
  title = 	 {Improving the Address Translation Performance of
                  Widely Shared Pages},
  institution =  {Sun Microsystems Laboratories},
  year = 	 1995,
  type =	 {Technical Report},
  number =	 {TR-95-38},
  address =	 {Mountain View CA},  
  month =	 feb
}

@TechReport{Khalidi_YW_94,
  author = 	 {Yousef A. Khalidi and Vikram P. Joshi and Dock Williams},
  title = 	 {A Study of the Structure and Performance of {MMU}
                  Handling Software},
  institution =  {Sun Microsystems Labs},
  year = 	 1994,
  type =	 {Technical Report},
  number =	 {94-28},
  address =	 {Mountain View, CA, USA},
  month =	 jun,
  note =	 {\url{http://research.sun.com/techrep/1994/smli_tr-94-28.pdf}},
  heldby =	 {gernot}
}

@Article{Kilburn_ELS_62,
  author = 	 "T.D. Kilburn and B.G. Edwards and M.J. Lanigan and
		  F.H. Summer",
  title = 	 "One-Level Storage System",
  journal =	 iretec,
  year =	 1962,
  volume =	 11,
  pages =	 {223--235},
  month =	 apr,
  keywords =	 {Atlas, virtual memory paging},
  heldby =	 {gernot}
}

@InProceedings{Houdek_SH_81,
  author = 	 "Merle E. Houdek and Frank G. Soltis and Roy L. Hoffman",
  title = 	 "{IBM} {System/38} Support for Capability-Based Addressing",
  pages =	 "341--348",
  booktitle =	 sca81,
  year =	 1981,
  organization = acm#"/"#ieee,
  month =	 may,
  keywords =	 "System/38, single-level store, IPT, protection,
                  lookaside buffer",
  heldby =	 "gernot"
}

@Article{Kilburn_HPS_61,
  author = 	 {T. Kilburn and D.J. Howarth and R.B. Payne and F.H. Summer},
  title = 	 {The {Manchester} University {Atlas} Operating
                  System---Part {I}: Internal Organization},
  journal = 	 compj,
  year = 	 1961,
  volume =	 4,
  pages =	 {222--225},
  keywords =	 {virtual memory},
  heldby =	 {gernot}
}

@InProceedings{Kilburn_PH_61,
  author = 	 {T. Kilburn and R. Payne and D. Howarth},
  title = 	 {The {Atlas} Supervisor},
  booktitle = 	 ejcc,
  year =	 1961,
  organization = {AFIPS},
  pages =	 {279--294},
  keywords =	 {virtual memory},
  heldby =	 {gernot},
}

@InProceedings{Kitayama_NT_93,
  author = 	 {Takuro Kitayama and Tatsuo Nakajima and Hideyuki Tokuda},
  title = 	 {{RT-IPC}: An {IPC} Extension for Real-Time {Mach}},
  booktitle = 	 usenixmk93,
  year =	 1993,
  address =	 {San Diego, CA, USA},
  month =	 sep,
  heldby =	 {gernot},
  pages =	 {91--103}
}

@Book{Kleiman_SS:threads,
  author = 	 "Steve Kleiman and Devang Shah and Bart Smaalders",
  title = 	 "Programming with Threads",
  publisher = 	 "Prentice Hall",
  year = 	 1996,
  heldby =	 "gernot",
  annote =	 "Sunsoft publication on using treads on Solaris"
}

@InProceedings{Koch_Rosenberg_90,
  author = 	 "David Koch and John Rosenberg",
  title = 	 "A Secure {RISC}-based Architecture Supporting Data
		  Persistence",
  year = 	 1990,
  booktitle = 	 iwcasspi,
  editor =	 "John Rosenberg and J. Leslie Keedy",
  publisher =	 "Springer-Verlag",
  address =	 "Bremen, Germany",
  pages =	 "188--201",
  heldby = 	 "gernot"
}

@InProceedings{Koldinger_CE_92,
  author = 	 "Eric J. Koldinger and Jeffrey S. Chase and Susan J. Eggers",
  title = 	 "Architectural Support for Single-Address-Space
		  Operating Systems",
  pages =	 "175--86",
  booktitle =	 asplos92,
  keywords =	 {SASOS, Opal},
  year =	 1992,
  heldby = 	 "gernot"
}

@TechReport{Koldinger_LCE_91,
  author = 	 "Eric J. Koldinger and Hank M. Levy and Jeffrey S.
		  Chase and Susan J. Eggers",
  title = 	 "The Protection Lookaside Buffer: Efficient
		  Protection for Single Address-Space Computers",
  institution =  "Dept. Comp. Science and Engineering",
  year = 	 1991,
  type =	 "Technical Report",
  number =	 "91-11-05",
  address =	 "University of Washington, Seattle, WA 98195, USA",
  keywords =	 "wide-address, 64-bit, SASOS, DSM, sharing, hardware,
                  TLB, Opal",
  heldby = 	 "gernot"
}

@InProceedings{Kowalski_Hartig_90,
  author = 	 {O.C. Kowalski and Hermann H{\"a}rtig},
  title = 	 {Protection in the {Birlix} Operating System},
  booktitle = 	 icdcs90,
  year =	 1990,
  organization = ieee,
  address =	 xyz,
  month =	 may,
  pages =	 {160--166},
  keywords =	 {capabilities},
  heldby =	 {gernot}
}

@Misc{L4Alpha,
  key =		 {L4Alpha},
  title =	 {L4/Alpha},
  howpublished = {\url{http://l4alpha.sourceforge.net/}},
  month =	 mar,
  year =	 2001,
  note =	 {Source of L4 for SMP-Alpha from UNSW},
  heldby =	 {gernot}
}

@Misc{L4MIPS-79,
  key =		 {L4MIPS},
  NOauthor =	 {{UNSW Operating Systems Group}},
  title =	 {{L4/MIPS} Source Code, Kernel Version~79},
  howpublished = {Available from \url{http://www.cse.unsw.edu.au/~disy/L4/}},
  month =	 feb,
  year =	 1999,
  heldby =	 {gernot}
}

@Manual{L4V4:RM,
  title = 	 {{L4} {\emph{\footnotesize e}X\emph{\footnotesize
                  perimental}} Kernel Reference Manual},
  key =		 {L4Ka},
  author =	 {{L4Ka Team}},
  organization = {University of Karlsruhe},
  edition =	 {Version 4-X.2},
  month =	 oct,
  year =	 2001,
  note =	 {\url{http://l4ka.org/projects/version4/l4-x2.pdf}},
  heldby =	 {gernot}
}

@MastersThesis{Lam_F:be,
  author = 	 {Fondy F.Y. Lam},
  title = 	 {Resource Accounting in {Mungi}},
  school = 	 cse,
  year = 	 1995,
  address =	 unswadr,
  type =	 {{BE} Thesis},
  heldby =	 gernot
}

@InProceedings{Lampson_69,
  author = 	 "Butler. W. Lampson",
  title = 	 "Dynamic Protection Structures",
  booktitle = 	 "Proceedings of the AFIPS Conference, 1996 FJCC",
  year = 	 1969,
  pages = 	 "27-38",
  heldby =	 jerry
}

@Article{Lampson_73,
  author = 	 "Butler W. Lampson",
  title = 	 "A Note on the Confinement Problem",
  journal = 	 cacm,
  year = 	 1973,
  volume = 	 16,
  pages = 	 "613-615",
  heldby =	 jerry
}

@InProceedings{Lampson_71,
  author = 	 "Butler W. Lampson",
  title = 	 "Protection",
  pages =	 "437--443",
  booktitle =	 proc # " 5th Princeton Symposium on Information" #
		 " Sciences and Systems",
  year =	 1971,
  address =	 "Princeton University",
  month =	 mar,
  keywords = 	 "access matrix",
  note =	 "Reprinted in "#osr#", {\bf 8}(1), "#jan#" 1974, pp 18--24",
  heldby =	 "gernot"
}

@Article{Lampson_Sturgis_76,
  author = 	 {Butler W. Lampson and Howard E. Sturgis},
  title = 	 {Reflections on an Operating System Design},
  journal = 	 cacm,
  year = 	 1976,
  volume =	 19,
  pages =	 {251--265},
  keywords =	 {Cal, capabilities},
  heldby =	 {gernot}
}

@InProceedings{Landau_92,
  author = 	 "Charles R. Landau",
  title = 	 "The Checkpoint Mechanisms in {KeyKOS}",
  pages =	 "86--91",
  booktitle =	 iwooos92,
  year =	 1992,
  organization = ieee,
  address =	 "Dourdan, France",
  heldby =	 {gernot},
  keywords =	 {single-node, system-wide}
}

@Article{Larmouth_75,
  author = 	 {J. Larmouth},
  title = 	 {Scheduling for a Share of the Machine},
  journal = 	 spe,
  year = 	 1975,
  volume =	 5,
  pages =	 {29--49},
  heldby =	 {gernot}
}

@InProceedings{Lea_AJ_91,
  author = 	 "Rodger Lea and Paulo Amaral and Christian Jacquemot",
  title = 	 "{COOL}-2: an Object Oriented Support Platform Built
		 Above the {Chorus} Micro-Kernel",
  booktitle =	 iwooos91,
  year = 	 1991,
  NOeditor =	 "Luis-Felipe Cabrera and Vincent Russo and Marc Shapiro",
  organization = ieee,
  address =	 "Palo Alto, CA, USA",
  pages =	 "68--72",
  heldby = 	 "gernot"
}

@Article{Lee_89,
  author = 	 {Ruby B. Lee},
  title = 	 {Precision Architecture},
  journal = 	 comp,
  year = 	 1989,
  volume =	 22,
  number =	 1,
  month =	 jan,
  pages =	 {78--91},
  keywords =	 {HP, PA-RISC},
  heldby =	 {gernot}
}

@InProceedings{Lee_Barkley_89,
  author = 	 {T. Paul Lee and R. E. Barkley},
  title = 	 {A Watermark-based lazy buddy system for kernel
                  memory allocation},
  year = 	 1989,
  booktitle =	 usenix89s,
  pages =	 {1--13},
  heldby =	 {gernot}
}

@InProceedings{Lee_CC_94,
  author = 	 {Chao-Hsien Lee and Meng Chang Chen and Ruei-Chuan Chang},
  title = 	 {{HiPEC}: High Performance External Virtual Memory Caching},
  booktitle = 	 osdi94,
  pages =	 {153-164},
  year =	 1994,
  address =	 {Monterey, CA, USA},
  month =	 nov,
  heldby =	 {gernot}
}

@InProceedings{Lee_LS_99,
  author = 	 {Yui-Wah Lee and Kwong-Sak Leung and Mahadev Satyarayanan},
  title = 	 {Operation-based Update Propagation in a Mobile File System},
  booktitle = 	 usenix99,
  pages =	 {71--84},
  year =	 1999,
  address =	 {Monterey, CA, USA},
  month =	 jun,
  keywords =	 {Coda, disconnected operation, reintegration},
  heldby =	 {gernot},
  annote =	 {log actual ops & replay these, not yet done for
                  interactive apps},
  heldby =	 {gernot}
}

@InProceedings{Levin_CCPW_75,
  author =	"Levin, R. and Cohen, E.S. and Corwin, W.M. and
		 Pollack, F.J. and Wulf, W.A.",
  title =	"Policy/Mechanism Separation in {HYDRA}",
  year =	1975,
  booktitle =	sosp,
  pages =	"132--40",
  keywords =	"Policy/mechanism",
  heldby =	 "gernot"
}

@Article{Levin_Redell_83,
  author = 	 {Roy Levin and David D. Redell},
  title = 	 {An Evaluation of the Nith {SOSP} Submission or How
                  (and How Not) to Write a Good Systems Paper},
  journal = 	 osr,
  year = 	 1983,
  volume =	 17,
  number =	 3,
  month =	 jul,
  pages =	 {35--40},
  heldby =	 {gernot}
}

@Book{Levy:capability,
  author = 	 "Henry M. Levy",
  title = 	 "Capability-Based Computer Systems",
  publisher = 	 "Digital Press",
  year = 	 1984,
  heldby =	 "gernot"
}

@Article{Levy_Lipman_82,
  author = 	 "Henk M. Levy and P. H. Lipman",
  title = 	 "Virtual Memory Management in the {VAX/VMS} Operating
                  System",
  journal =	 comp,
  year =	 1982,
  volume =	 15,
  number =	 3,
  pages =	 "35--41",
  month =	 mar,
  heldby =	 {gernot}
}

@Manual{Liedtke:L4x86rm,
  title = 	 {L4 Reference Manual --- 486/{Pentium}/{PentiumPro},
                  Version 2.0},
  author =	 {Jochen Liedtke},
  organization = {GMD},
  address =	 {Schlo{\ss} Birlighofen, Germany},
  month =	 sep,
  year =	 1996,
  note =	 {Working Paper 1021.},
  heldby =	 {gernot}
}

@Book{Liedtke:gpt,
  author = 	 {Jochen Liedtke},
  title = 	 {On the Realization Of Huge Sparsely-Occupied and
                  Fine-Grained Address Spaces},
  publisher = 	 {Oldenbourg},
  year = 	 1996,
  address =	 {Munich, Germany},
  heldby =	 {gernot},
  annote =	 {Jochen's PhD thesis}
}

@Article{Liedtke_90,
  author = 	 {Jochen Liedtke and Ulrich Bartling and Uwe Beyer and
                  Dietmar Heinrichs and Rudolf Ruland and Gyula Szalay},
  title = 	 {Two Years of Experience with a $\mu$-Kernel Based {OS}},
  journal = 	 osr,
  year = 	 1991,
  volume =	 25,
  number =	 2,
  pages =	 {51--62},
  month =	 apr,
  keywords =	 {L3, microkernel},
  heldby =	 {gernot},
  annote =	 {Best description  of L3}
}

@InProceedings{Liedtke_92,
  author = 	 "Jochen Liedtke",
  title = 	 "Clans \& Chiefs",
  pages =	 "294--305",
  booktitle =	 "12. GI/ITG-Fachtagung Architektur von Rechensystemen",
  year =	 1992,
  publisher =	 "Springer Verlag",
  address =	 "Kiel"
}

@InProceedings{Liedtke_92a,
  author = 	 {Jochen Liedtke},
  title = 	 {Fast Thread Management and Communication Without
                  Continuations},
  booktitle = 	 usenixmk92,
  year =	 1992,
  address =	 {Seattle, WA, USA},
  month =	 apr,
  pages =	 {213--221},
  heldby =	 {gernot}
}

@InProceedings{Liedtke_93,
  author = 	 "Jochen Liedtke",
  title = 	 "Improving {IPC} by Kernel Design",
  pages =	 "175--88",
  booktitle =	 sosp93,
  year =	 1993,
  address =	 "Asheville, NC, USA",
  month =	 dec,
  keywords =	 "L3",
  heldby = 	 "gernot"
}

@techreport{Liedtke_93:tr,
     author = 	 "Jochen Liedtke",
     title     = "A High Resolution {MMU} for the Realization of Huge
                  Fine-grained Address Spaces and User Level Mapping",
     type      = "Arbeitspapiere der GMD No.",
     institution= "German National Research Center for Computer Science (GMD)",
     address   = "Sankt Augustin, Germany",
     number    = 791,
     year      = 1993,
  heldby = 	 "gernot"
}

@InProceedings{Liedtke_93a,
  author = 	 "Jochen Liedtke",
  title = 	 "A Persistent System in Real Use: Experience of the
		  First 13 Years",
  pages =	 "2--11",
  booktitle =	 iwooos93,
  year =	 1993,
  organization = ieee,
  address =	 "Asheville, NC, USA",
  month =	 dec,
  keywords =	 "Eumel, L3",
  heldby = 	 "gernot"
}

@techreport{Liedtke_93a:tr,
     author = 	 "Jochen Liedtke",
     title     = "Some Theorems About Guarded Page Tables",
     type      = "Arbeitspapiere der GMD No.",
     institution= "German National Research Center for Computer Science (GMD)",
     address   = "Sankt Augustin, Germany",
     number    = 792,
     year      = 1993,
  keywords =	 "GPT",
  heldby = 	 "gernot"
}

@InProceedings{Liedtke_93b,
  author = 	 "Jochen Liedtke",
  title = 	 "A Basis for Huge Fine-grained Address Spaces and
		  User Level Mapping",
  booktitle =	 ecoop93 # " Workshop on Granularity of Objects in
		  Distributed Systems (GODS'93)",
  year =	 1993,
  address =	 "Kaiserslautern, Germany",
  month =	 jul,
  keywords =	 "GPT",
  heldby = 	 "gernot"
}

@techreport{Liedtke_93b:tr,
     author = 	 "Jochen Liedtke",
     title     = "Some Theorems About Restricted Guarded Page Tables",
     type      = "Arbeitspapiere der GMD No.",
     institution= "German National Research Center for Computer Science (GMD)",
     address   = "Sankt Augustin, Germany",
     number    = 834,
     year      = 1994,
  keywords =	 "GPT",
  heldby = 	 "gernot"
}

@InProceedings{Liedtke_93c,
  author = 	 "Jochen Liedtke",
  title = 	 "$G_{\it language} =
		  G_{\it OS} = G_{\it hardware} = 16$ bytes?",
  booktitle =	 ecoop93,
  year =	 1993,
  address =	 "Kaiserslautern, Germany",
  month =	 jul,
  keywords =	 "GPT",
  heldby = 	 "gernot"
}

@inproceedings{Liedtke_94,
  author    = "Jochen Liedtke",
  title     = "Address Space Sparsity and Fine Granularity",
  booktitle = "6th SIGOPS European Workshop",
  address   = "Schlo{\ss} Dagstuhl, Germany",
  month     = sep,
  year      = 1994,
  pages     = xyz,
  keywords =	 "GPT",
  heldby = 	 "gernot"
}

@article{Liedtke_94a,
     author = 	 "Jochen Liedtke",
     title     = "Page Table Structures For Fine-Grain Virtual Memory",
     journal   = "IEEE Technical Committee on Computer Architecture Newsletter",
     month     = xyz,
     year      = 1994,
     pages     = xyz,
  keywords =	 "GPT",
  heldby = 	 "gernot"
}

@InProceedings{Liedtke_95,
  author = 	 "Jochen Liedtke",
  title = 	 "On {\(\mu\)}-Kernel Construction",
  pages =	 "237--250",
  booktitle =	 sosp95,
  year =	 1995,
  address =	 "Copper Mountain, CO, USA",
  month =	 dec,
  annote = 	 "L4, grant, map, flush",
  heldby = 	 "gernot"
}

@Article{Liedtke_95a,
  author = 	 "Jochen Liedtke",
  title = 	 "A Short Note on Small Virtually-Addressed Control Blocks",
  journal =	 osr,
  year =	 1995,
  volume =	 29,
  number =	 3,
  pages =	 "31--34",
  heldby =	 gernot
}

@TechReport{Liedtke_95b,
  author = 	 {Jochen Liedtke},
  title = 	 {Improved Address-Space Switching on {Pentium}
                  Processors by Transparently Multiplexing User
                  Address Spaces},
  institution =  {GMD SET-RS},
  year = 	 1995,
  type =	 {Technical Report},
  number =	 933,
  address =	 {Schlo{\ss} Birlinghoven, 53754 Sankt Augustin, Germany},
  month =	 nov,
  heldby =	 {gernot}
}

@Article{Liedtke_96,
  author = 	 "Jochen Liedtke",
  title = 	 "Towards Real Microkernels",
  journal =	 cacm,
  year =	 1996,
  volume =	 39,
  number =	 9,
  pages =	 {70--77},
  month =	 sep,
  heldby =	 "gernot"
}

@Manual{Liedtke_96:rm,
  title = 	 {L4 Reference Manual},
  author =	 {Jochen Liedtke},
  organization = {GMD/IBM},
  year =	 1996,
  month =	 sep,
  note =	 {Available from URL
                  \url{http://www.inf.tu-dresden.de/~mh1/l3/}},
  heldby =	 {gernot}
}

@Article{Liedtke_96a,
  author = 	 "Jochen Liedtke",
  title = 	 "A Short Note on Cheap Fine-grained Time Measurement",
  journal =	 osr,
  year =	 1996,
  volume =	 30,
  number =	 2,
  pages =	 "92--94",
  month =	 apr,
  heldby =	 "gernot"
}

@InProceedings{Liedtke_96b,
  author = 	 {Jochen Liedtke},
  title = 	 {$\mu$-{K}ernels Must and Can be Small},
  booktitle = 	 iwooos96,
  pages =	 {152--161},
  year =	 1996,
  address =	 {Seattle, WA, USA},
  month =	 oct,
  organization = ieee,
  heldby =	 {gernot}
}

@InProceedings{Liedtke_ESHHIJ_97,
  author = 	 {Jochen Liedtke and Kevin Elphinstone and Sebastian
                  Sch{\"o}nberg and Herrman H{\"a}rtig and Gernot
                  Heiser and Nayeem Islam and Trent Jaeger},
  title = 	 {Achieved {IPC} Performance (Still the Foundation for
                  Extensibility)},
  booktitle = 	 hotos97,
  year =	 1997,
  address =	 {Cape Cod, MA, USA},
  month =	 may,
  pages =	 {28--31},
  heldby =	 {gernot}
}

@TechReport{Liedtke_Elphinstone_95:tr,
  author = 	 "Jochen Liedtke and Kevin Elphinstone",
  title = 	 "Guarded Page Tables on {MIPS} {R4600} or an Exercise in
		  Architecture-Dependent Micro Optimization",
  institution =  cse,
  year = 	 1995,
  type =	 "Technical Report",
  number =	 {UNSW-CSE-TR-9503},
  address =	 unswadr,
  month =	 nov,
  heldby = 	 "gernot"
}

@Article{Liedtke_Elphinstone_96,
  author = 	 "Jochen Liedtke and Kevin Elphinstone",
  title = 	 "Guarded Page Tables on {MIPS} {R4600} or an Exercise in
		  Architecture-Dependent Micro Optimization",
  journal =	 osr,
  year =	 1996,
  volume =	 30,
  number =	 1,
  pages =	 "4--15",
  month =	 jan,
  keywords =	 "GPT",
  heldby = 	 "gernot"
}

@InProceedings{Liedtke_PJI_98,
  author = 	 {Jochen Liedtke and Vsevolod Panteleenko and Trent
                  Jaeger and Nayeem Islam},
  title = 	 {High-Performance Caching With The {Lava} Hit-Server},
  booktitle = 	 usenix98,
  year =	 1998,
  address =	 {New Orleans, USA},
  month =	 jun,
  heldby =	 {gernot}
}

@InProceedings{Liedtke_Wenske_01,
  author = 	 {Jochen Liedtke and Horst Wenske},
  title = 	 {Lazy Process Switching},
  booktitle = 	 hotos01,
  pages =	 xyz,
  year =	 2001,
  address =	 {Schloss Elmau, Germany},
  month =	 may,
  heldby =	 {gernot}
}

@Article{Linden_76,
  author = 	 "Theodore A. Linden",
  title = 	 "Operating System Structures to Support Security and
		  Reliable Software",
  journal =	 acmcs,
  year =	 1976,
  volume =	 8,
  pages =	 "409--445",
  heldby =	 "gernot"
}

@InProceedings{Lindstrom_BDNRV_95,
  author = 	 "Anders Lindstr{\"o}m and di Bona, Rex and and Alan
		  Dearle and Stephen Norris and John Rosenberg and
		  Francis Vaughan",
  title = 	 "Persistence in the {Grasshopper} Kernel",
  pages =	 "329--338",
  booktitle =	 acsc95,
  year =	 1995,
  address =	 "Glenelg, SA, Australia",
  month =	 feb,
  heldby =	 "gernot"
}

@InProceedings{Lindstrom_DBFHRV_94,
  author = 	 "Anders Lindstr{\"o}m and Alan Dearle and di Bona,
		  Rex and J. Matthew Farrow and Frans Henskens and
		  John Rosenberg and Francis Vaughan",
  title = 	 "A Model for User-Level Memory Management in a
		  Distributed, Persistent Environment",
  pages =	 "343--54",
  booktitle =	 acsc94,
  year =	 1994,
  address =	 "Christchurch, New Zealand",
  month =	 feb,
  heldby =	 "gernot"
}

@InProceedings{Lindstrom_RD_95,
  author = 	 "Anders Lindstr{\"o}m and John Rosenberg and Alan Dearle",
  title = 	 "The Grand Unified Theory of Address Spaces",
  pages =	 "66-71",
  booktitle =	 hotos95,
  year =	 1995,
  address =	 "Orcas Island, WA, USA",
  month =	 may,
  heldby =	 "gernot"
}

@Misc{Linux_IA64:src,
  key =		 {Linux IA64},
  title =	 {Linux Source Code for {IA-64}},
  howpublished = {URL \url{http://www.linuxia64.org/}},
  month =	 feb,
  year =	 2000,
  keywords =	 {Itanium},
  heldby =	 {gernot}
}

@InProceedings{Lipner_75,
  author = 	 {Lipner, Steven. B.},
  title = 	 {A Comment on the Confinement Problem},
  booktitle = 	 sosp,
  organization = acm,
  pages =        "192--196",
  year =	 1975,
  heldby =	 jerry
}

@Article{Liskov_SWW_87,	oldlabel = Liskov_et_al.:1987,
  author =	"Liskov, B. and Scheifler, R. and Walker, E. and Weihl, W.",
  title =	"Orphan Detection",
  year =	1987,
  month =	jul,
  journal =	"17th " # isftc,
  pages =	"2--7",
  heldby = 	 "missing"
}

@Book{Lister:os,
  author = 	 {Andrew M. Lister},
  title = 	 {Fundamentals of Operating Systems},
  publisher = 	 {Springer-Verlag},
  year = 	 1988,
  edition =	 {4th},
  heldby =	 {UNSW Library}
}

@Article{Liu_Layland_73,
  author = 	 {C. Liu and J. Layland},
  title = 	 {Scheduling Algorithms for Multiprogramming in a Hard
                  Real-Time Environment},
  journal = 	 jacm,
  year = 	 1973,
  volume =	 20,
  pages =	 {46--61},
  keywords =	 {rate-monotonic schedulability},
  heldby =	 {gernot}
}

@InProceedings{Livesey_Allison_92,
  author = 	 {Mike Livesey and Colin Allison},
  title = 	 {Coherence in Distributed Persistent Object Systems},
  booktitle = 	 {pos92},
  year =	 1992,
  publisher =	 {Springer-Verlag},
  address =	 {San Miniato, Italy},
  month =	 sep,
  pages =	 {186--197},
  heldby =	 {gernot}
}

@TechReport{Loscocco_SMTTF_95,
  author = 	 {Peter Loscocco and Stephen Smalley and Patrick
                  Muckelbauer and Ruth Taylor and Jeff Turner and John
                  Farrell},
  title = 	 {The Inevitability of Failure: The Flawed Assumption
                  of Security in Modern Computing Environments},
  institution =  {United Stated National Security Agency (NSA)},
  year = 	 1995,
  type =	 {Technical Report},
  number =	 xyz,
  address =	 xyz,
  month =	 xyz,
  heldby =	 {antonye}
}

@InProceedings{Loscocco_SMTTF_98,
  author = 	 {Peter Loscocco and Stephen Smalley and Patrick
                  Muckelbauer and Ruth Taylor and Jeff Turner and John
                  Farrell},
  title = 	 {The Inevitability of Failure: The Flawed Assumption
                  of Security in Modern Computing Environments},
  booktitle = 	 nissc98,
  pages =	 {303--314},
  year =	 1998,
  address =	 xyz,
  month =	 oct,
  organization = xyz,
  heldby =	 {gernot},
  annote =	 {URL \url{http://www.nsa.gov/selinux/inevit-abs.html}}
}

@Misc{Loscocco_Smalley_01,
  author =	 {Peter Loscocco and Stephen Smalley},
  title =	 {Integrating Flexible Support for Security Policies
                  into the {Linux} Operating System},
  howpublished = {URL \url{http://www.nsa.gov/selinux/slinux-abs.html}},
  month =	 jan,
  year =	 2001,
  keywords =	 {Flask, NSA, Secure Linux},
  heldby =	 {gernot}
}

@Manual{MIPS:ELF64,
  title = 	 {64-bit {ELF} Object File Specification},
  author =	 {Jim Dehnert},
  organization = {MIPS Technologies/Silicon Graphics Computer Systems},
  edition =	 {2.1},
  month =	 jul,
  year =	 1996,
  annote =	 {elf64.ps}
}

@InProceedings{Malhotra_Munroe_96,
  author = 	 "Ashok Malhotra and Steven J. Munroe",
  title = 	 "Schema Evolution in Persistent Object Systems",
  pages =	 {194--204},
  booktitle =	 pos96,
  year =	 1996,
  publisher =	 "Morgan Kaufmann",
  address =	 "Cape May, NJ, USA",
  month =	 may,
  heldby =	 "gernot",
  annote =	 "IBM AS/400"
}

@InProceedings{Malhotra_Perry_92,
  author = 	 {Ashok Malhotra and Kenneth J. Perry},
  title = 	 {Allocating Objects to Pages},
  booktitle = 	 {pos92},
  year =	 1992,
  publisher =	 {Springer-Verlag},
  address =	 {San Miniato, Italy},
  month =	 sep,
  pages =	 {3--10},
  heldby =	 {gernot},
  annote =	 {small objects}
}

@InProceedings{Marques_Guedes_89,
  author = 	 "Jos\'e Alves Marques and Paulo Guedes",
  title = 	 "Extending the Operating System to Support an
		  Object-Oriented Environment",
  pages =	 "113--22",
  booktitle =	 oopsla,
  year =	 1989,
  keywords =	 "Commandos",
  heldby = 	 "gernot"
}

@Book{Maxwell:Linux,
  author =	 {Scott Maxwell},
  title = 	 {Linux Core Kernel Commentary},
  publisher = 	 {CoriolisOpen Press},
  year = 	 1999,
  heldby =	 {gernot}
}

@Book{McKusick_BLQ:4.4BSD,
  author = 	 {Marshall K. McKusick and Keith Bostic and Michael
                  J. Karels and John S. Quarterman},
  title = 	 {The Design and Implementation of the {4.4BSD}
                  Operating System},
  publisher = 	 {Addison Wesley},
  year = 	 1996,
  keywords =	 {Berkeley UNIX},
  heldby =	 {gernot}
}

@Article{McKusick_JLF_84,
  author = 	 {Marshall K. McKusick and William N. Joy and
                  Samuel J. Leffler and R. S. Fabry},
  title = 	 {A Fast File System for {UNIX}},
  journal = 	 tocs,
  year = 	 1984,
  volume =	 2,
  pages =	 {181--197},
  keywords =	 {Berkeley FFS},
  heldby =	 {gernot}
}

@InProceedings{McVoy_Staelin_96,
  author = 	 {Layy McVoy and Carl Staelin},
  title = 	 {{lmbench}: Portable Tools for Performance Analysis},
  booktitle = 	 usenix96,
  pages =	 xyz,
  year =	 2996,
  address =	 {San Diego, CA, USA},
  month =	 jan,
  heldby =	 {gernot}
}

@Article{Mealy_66,
  author = 	 {G. H. Mealy},
  title = 	 {The Functional Structure of {OS/360} Part {I}:
                  Introductory Survey},
  journal = 	 {IBM Systems Journal},
  year = 	 1966,
  volume =	 5,
  pages =	 {3--11},
  heldby =	 {gernot}
}

@InProceedings{Mehnert_HSH_01,
  author = 	 {Frank Mehnert and Michael Hohmuth and
                 Sebastian Sch{\"o}nberg and Hermann H{\"a}rtig},
  title = 	 {{RTLinux} with Address Spaces},
  booktitle = 	 rtlws,
  pages =	 xyz,
  year =	 2001,
  address =	 {Milano, Italy},
  month =	 {nov},
  heldby =	 {gernot}
}

@InProceedings{Mendelsohn_97,
  author = 	 {Noah Mendelsohn},
  title = 	 {Operating Systems for Component Software Environments},
  booktitle = 	 hotos97,
  pages =	 {49-54},
  year =	 1997,
  address =	 {Cape Cod, MA, USA},
  month =	 may,
  heldby =	 {gernot}
}

@Misc{Microsoft:CEsrc,
  author =	 {Microsoft Corp},
  title =	 {{Windows} {CE} 3.0 Source Code},
  howpublished = {\url{http://www.microsoft.com/windows/Embedded/ce.NET/previous/downloads/source/default.asp}},
  month =	 jul,
  year =	 2001
}

@Article{Milenkovic_90,
  author = 	 "Milan Milenkovic",
  title = 	 "Microprocessor Memory Management Units",
  journal =	 micro,
  year =	 1990,
  volume =	 10,
  number =	 2,
  pages =	 "70--85",
  month =	 apr,
  keywords =	 "TLBs"
}

@InProceedings{Minear_95,
  author = 	 {Spencer Minear},
  title = 	 {Providing Policy Control Over Object Operations in a
                  {Mach} Based System},
  booktitle = 	 usenixsec95,
  pages =	 xyz,
  year =	 1995,
  address =	 xyz,
  month =	 xyz,
  heldby =	 {gernot}
}

@InProceedings{Mogul_93,
  author = 	 {Jeffrey C. Mogul},
  title = 	 {Big Memories on the Desktop},
  booktitle = 	 wwos93,
  year =	 1993,
  organization = ieee,
  address =	 {Napa, CA, USA},
  pages =	 xyz,
  heldby =	 {gernot}
}

@InProceedings{Mogul_Borg_91,
  author = 	 "Jeffrey C. Mogul and Anita Borg",
  title = 	 "The Effect of Context Switches on Cache Performance",
  pages =	 "75--84",
  booktitle =	 asplos91,
  year =	 1991,
  heldby =	 "gernot"
}

@MastersThesis{Morris:MEngSc,
  author = 	 {Damian Morris},
  title = 	 {Backing Store Manager for {Mungi}},
  school = 	 cse,
  year = 	 1999,
  type =	 {{MEngSci} thesis},
  address =	 unswadr,
  month =	 feb,
  heldby =	 {gernot}
}

@TechReport{Morrison_BCD_89,
  author = 	 "Morrison, R. and Alfred L. Brown and R.C.H. Conner
		  and A. Dearle",
  title = 	 "Napier88 Reference Manual",
  institution =  "Universities of Glasgow and St.\ Andrews",
  year = 	 1989,
  type =	 "Persistent Programming Research Report",
  number =	 "PPRR-77-89",
  heldby = 	 "gernot"
}

@Misc{Mosberger_Dugger_00:slides,
  author =       {David Mosberger and Don Dugger},
  title =        {{IA-64} {Linux} Kernel Internals},
  howpublished = {URL \url{http://www.linuxia64.org/}},
  month =        feb,
  keywords =	 {Itanium},
  year =         2000,
}

@Book{Mosberger_EP:IA64-Linux,
  author =	 {David Mosberger and Stephane Eranian and Bruce Perens},
  title = 	 {{IA-64} {Linux} Kernel: Design and Implementation},
  publisher = 	 {Prentice Hall},
  year = 	 2002,
  keywords =	 {Iatnium},
  heldby =	 {gernot}
}

@Book{Murray:wince,
  author =	 {John Murray},
  title = 	 {Inside {Microsoft} {Windows} {CE}},
  publisher = 	 {Microsoft Press},
  year = 	 1998
}

@InProceedings{Murray_SSWKO_93,
  author = 	 "Kevin Murray and Ashley Saulsbury and Tom
		  Stiemerling and Tim Wilkinson and Paul Kelly and
		  Peter Osmon",
  title = 	 "Design and Implementation of an Object-Orientated
		  64-bit Single Address Space Microkernel",
  pages =	 "31--43",
  booktitle =	 usenixmk93,
  year =	 1993,
  month =	 sep,
  keywords =	 "Angel, SASOS",
  heldby = 	 "gernot"
}

@Article{Myers_Buckingham_80,
  author =	"Myers, G.J. and Buckingham, B.R.S.",
  title =	"A Hardware Implementation of Capability Based Architecture.",
  year = 	1980,
  journal =	osr,
  volume =	14,
  number =	4,
  pages =	"13-25",
  heldby =	 jerry
}

@InProceedings{Myers_Liskov_97,
  author = 	 {Andrew C. Myers and Barbara Liskov},
  title = 	 {A Decentralised Model for Information Flow Control},
  booktitle = 	 sosp97,
  pages =	 {129--142},
  year =	 1997,
  address =	 {St.\ Malo, France},
  month =	 oct,
  keywords =	 {security},
  heldby =	 {gernot}
}

@Manual{NS32000_86,
  title = 	 "Series 32000 Databook",
  organization = "National Semiconductor Corp.",
  year =	 1986
}

@Misc{NT_WWW_C2,
  key =          {NT},  
  title =	 {Windows {NT} Platform Gets {C2} Evaluation},
  year =         1995,
  howpublished = {URL
                  \url{http://www.microsoft.com/syspro/technet/boes/winnt/prodfact/c2.htm}},
  heldby =	 jerry
}

@InProceedings{Nagle_USSMB_93,
  author = 	 {David Nagle and Richard Uhlig and Tim Stanely and
                  Stuart Sechrest and Trevor Mudge and Richard Brown},
  title = 	 {Design Tradeoffs for Software-Managed {TLB}s},
  booktitle = 	 {isca93},
  year =	 1993,
  organization = acm,
  pages =	 xyz,
  heldby =	 {gernot}
}

@InProceedings{Necula_Lee_96,
  author = 	 {George C. Necula and Peter Lee},
  title = 	 {Safe Kernel Extensions Without Run-Time Checking},
  booktitle = 	 osdi96,
  pages =	 {229--243},
  year =	 1996,
  address =	 {Seattle, WA, USA},
  month =	 oct,
  heldby =	 {gernot}
}

@InProceedings{Needham_Walker_77,
  author = 	 "R.M. Needham and R.D.H. Walker",
  title = 	 "The {Cambridge} {CAP} Computer and its Protection System",
  pages =	 "1--10",
  booktitle =	 sosp77,
  year =	 1977,
  organization = acm,
  month =	 nov,
  heldby =	 "gernot"
}

@TechReport{Nelson_90,
  author = 	 {Michael N. Nelson},
  title = 	 {Virtual Memory vs.\ The File System},
  institution =  {DEC WRL},
  year = 	 1990,
  type =	 {Research Report},
  number =	 {90/4},
  month =	 mar,
  heldby =	 {cls}
}

@InProceedings{OSDI_94:panel,
  key =          {OSDI},
  title = 	 {Radical Operating System Structures for
                  Extensibility: A Panel Session},
  booktitle =    osdi94,
  month =        {November},
  year = 	 1994,
  pages =        {195--199},
  heldby =	 gernot
}

@Manual{OSF/1:PG,
  title = 	 {{DEC} {OSF/1} Programmer's Guide},
  key =		 {DEC},
  organization = {Digital Equipment Corp.},
  year =	 1994,
  note =	 {Order No AA-PS30C-TE},
  keywords =	 {quickstart},
  heldby =	 {CSG}
}

@MastersThesis{Ong:be,
   author = 	 {Victoria Ong},
   title = 	 {Optimisation of {L4/MIPS} {IPC} Path},
   school = 	 cse,
   year = 	 1999,
   type =	 {{BE} Thesis},
   address =	 unswadr,
   month =	 nov,
   keywords =	{},
   heldby =	 {gernot}
}

@InProceedings{Oparah_98,
  author = 	 {Don Oparah},
  title = 	 {Adaptive Resource Management in a Multimedia
                  Operating System},
  booktitle = 	 {nossdav98},
  year =	 1998,
  organization = ieee,
  address =	 {Cambridge, UK},
  month =	 jul,
  note =	 {URL
                  \url{http://www.cl.cam.ac.uk/Research/SRG/nossdav98/}},
  keywords =	 {nemesis},
  heldby =	 {gernot}
}

@Book{Organick:Burroughs,
  author = 	 "Elliott I. Organick",
  title = 	 "Computer System Organization: The {B5700/B6700} Series",
  publisher = 	 "Academic Press",
  year = 	 1973,
  keywords =	 "Burroughs, stack, descriptor",
  heldby =	 "gernot"
}

@Book{Organick:Multics,
  author = 	"Elliott I. Organick",
  title = 	"The {Multics} System: An Examination of its Structure",
  publisher = 	"MIT Press",
  year = 	1972,
  heldby = 	 "UNSW library"
}

@Book{Organick:i432,
  jerrylabel =   {Organic_83},
  author = 	 {Organick, Elliott I.},
  title = 	 {A programmer's view of the Intel 432 System},
  publisher = 	 {McGraw-Hill},
  year = 	 1993,
  heldby =	 jerry
}

@InProceedings{Ousterhout_90,
  author = 	"J.K. Ousterhout",
  title = 	"Why Aren't Operating Systems Getting Faster as Fast
		 as Hardware?",
  booktitle = 	usenix90s,
  year = 	1990,
  pages = 	"247--56",
  month = 	jun,
  heldby =	"gernot",
  annote =	"Claims reasons for poor performance are: 1) memory
                 bandwidth, 2) context switching (with no furhter
                 explanation) 3) file system design (e.g. synchronous writes)"
}

@InProceedings{Ousterhout_CHKKT_85,
  author = 	 "J. Ousterhout and Da Costa, H. and D. Harrison and
		  J. Kunze and M. Kupfer and J. Thompson",
  title = 	 "A Trace-Driven Analysis of the {UNIX 4.2 BSD} File System",
  booktitle =	 sosp85,
  year =	 1985,
  pages =	 "15--24",
  heldby = 	 "gernot"
}

@Manual{P4000i_95,
  title = 	 {P--4000i User's Manual},
  organization = {Algorithmics},
  address =	 {3 Drayton Park, London N5 1NU, UK},
  edition =	 {1.10},
  year =	 1995,
  month =	 may,
  heldby =	 jerry
}

@Manual{PMON_94,
  title = 	 "{PMON} Users Manual",
  organization = "Algorithmics",
  address =	 {3 Drayton Park, London N5 1NU, UK},
  edition =	 {1.2},
  year =	 1994,
  month =	 {May},
  heldby =	 jerry
}

@Manual{POSIX_1003.1,
  title = 	 {Portable Operating System Interface ({POSIX})---Part
		  1: System Application Program Interface ({API}) [{C}
		  Language]},
  key = 	 {POSIX},
  publisher = 	 ieee,
  year = 	 1990,
  note =	 {IEEE Std 1003.1-1990, ISO/IEC 9945-1:1990},
  heldby =	 {gernot}
}

@Manual{POSIX_1003.1b,
  title = 	 "Portable Operating System Interface ({POSIX})---Part
		  1: System Application Program Interface ({API}) [{C}
		  Language]---Amendment: Realtime Extensions",
  key = 	 "POSIX",
  publisher = 	 ieee,
  year = 	 xyz,
  note =	 "IEEE Std 1003.1b-1993, ISO/IEC 9945-???",
  heldby =	 "gernot",
  annote =	 "Formerly 1003.4, includes 1003.1"
}

@Manual{POSIX_1003.2,
  title = 	 "Portable Operating System Interface ({POSIX})---Part
		  2: Shell and Utilities",
  key = 	 "POSIX",
  publisher = 	 ieee,
  year = 	 1993,
  note =	 "IEEE Std 1003.2-1993, ISO/IEC 9945-2:1993",
  heldby =	 "gernot"
}

@Manual{PPC601:UM,
  title = 	 {{PowerPC} 601 {RISC} Microprocessor User's Manual},
  organization = {Motorola, IBM},
  address =	 xyz,
  month =	 xyz,
  year =	 1995,
  heldby =	 {gernot}
}

@Book{PPC:spec,
  key = 	 {IBM},
  editor =	 {Cathy May and Ed Silha and Rick Simpson and Hank Warren},
  title = 	 {The {PowerPC} Architecture: A Specification for a
                  New Family of {RISC} Processors},
  publisher = 	 {Morgan Kaufmann},
  year = 	 1994,
  heldby =	 {gernot}
}

@TechReport{Pagels_DP_94,
  author = 	 {M A. Pagels and Peter Druschel and Larry L. Peterson},
  title = 	 {Cache and {TLB} Effectiveness in Processing Network {I/O}},
  institution =  {University of Arizona, Dept.\ of Computer Science},
  year = 	 1994,
  type =	 {Technical Report},
  number =	 {94-08},
  month =	 xyz,
  note =	 {\url{ftp://ftp.cs.arizona.edu/reports/1994/TR94-08.ps.Z}},
  heldby =	 {cls}
}

@InProceedings{Pai_DZ_99,
  author = 	 {Vivek S. Pai and Peter Druschel and Willy Zwanepoel},
  title = 	 {{IO-Lite}: A Unified {I/O} Buffering and Caching System},
  booktitle = 	 osdi99,
  pages =	 {15--28},
  year =	 1999,
  address =	 {New Orleans, LA, USA},
  month =	 feb,
  organization = usenix,
  keywords =	 {disk cache, network cache, FreeBSD},
  heldby =	 {gernot},
  annote =	 {user-level unification of all
                  buffering/caching. Great SASOS commercial.}
}

@InProceedings{Pardyak_Bershad_97,
  author = 	 {Przemyslaw Pardyak and Brian Bershad},
  title = 	 {Dynamic Binding For an Extensible System},
  booktitle = 	 osdi96,
  pages =	 xyz,
  year =	 1996,
  address =	 {Seattle, WA, USA},
  month =	 oct,
  heldby =	 {gernot}
}

@InProceedings{Park_Becker_91,
  author = 	 "Arvin Park and Jeffrey C. Becker",
  title = 	 "Measurements of Paging Behaviour in {UNIX}",
  pages =	 "216--7",
  booktitle =	 sigmetrics,
  year =	 1991,
  heldby = 	 "gernot"
}

@Book{Patterson:arch,
  author = 	 {David A. Patterson and John L. Hennessy},
  title = 	 {Computer Architecture: a Quantitative Approach},
  publisher = 	 {Morgan Kaufmann},
  year = 	 1990
}

@InProceedings{Peacock_88,
  author = 	 {J. Peacock},
  title = 	 {The {Counterpoint} Fast File System},
  booktitle = 	 usenix88w,
  pages =	 {243--249},
  year =	 1988,
  month =	 jan,
  keywords =	 {clustering},
  heldby =	 {gernot},
  annote =	 {SCO Unix}
}

@InProceedings{Pering_BB_98,
  author = 	 {Trevor Pering and Tom Burd and Robert Brodersen},
  title = 	 {Dynamic Voltage Scaling and the Design of a
                  Low-Power Microprocessor System},
  booktitle = 	 {Workshop on Power-Driven Microarchitecture},
  pages =	 xyz,
  year =	 1998,
  address =	 {Barcelona, Spain},
  month =	 jun,
  organization = xyz,
  heldby =	 {gernot}
}

@InProceedings{Perl_Sites_96,
  author = 	 {Sharon Perl and Richard L. Sites},
  title = 	 {Studies of {Windows-NT} Performance using Dynamic
                  Execution Traces},
  booktitle = 	 osdi96,
  pages =	 {169--183},
  year =	 1996,
  month =	 oct,
  organization = acm/ieee/usenix,
  keywords =	 {Cool work finding convoys in NT using hardware perf mons},
  heldby =	 {gernot}
}

@InProceedings{Petrou_MG_99,
  author = 	 {David Petrou and John W. Milford and Garth A. Gibson},
  title = 	 {Implementing Lottery Scheduling: Matching the
                  Specialisations in Traditional Schedulers},
  pages =	 {1--14},
  booktitle = 	 usenix99,
  year =	 1999,
  address =	 {Monterey, CA, USA},
  month =	 jun,
  heldby =	 {gernot},
  annote =	 {Combine traditional scheduling techniques with
                  lottery, source for FreeBSD},
  heldby =	 {gernot}
}

@InProceedings{Plank_BK_95,
  author = 	 {James S. Plank and Micah Beck and Gerry Kingsley},
  title = 	 {Libckpt: Transparent Checkpointing under {Unix}},
  booktitle = 	 usenix95,
  pages =	 xyz,
  year =	 1995,
  address =	 {New Orleans, LA, USA},
  month =	 jan,
  organization = usenix,
  heldby =	 {gernot}
}

@Book{Pomerantz:LKM,
  author =	 {Ori Pomerantz},
  title = 	 {Linux: Kernel Module Programming Guide},
  publisher = 	 {Iuminverse.com},
  year = 	 2000,
  note =	 {ISBN: 0595100422},
  heldby =	 {gernot}
}

@MastersThesis{Potts:be,
   author = 	 {Daniel Potts},
   title = 	 {L4 on Uni- and Multiprocessor {Alpha}},
   school = 	 cse,
   year = 	 1999,
   type =	 {{BE} Thesis},
   address =	 unswadr,
   month =	 nov,
   keywords =	 {SMP, ccNUMA, L4, Alpha, multiprocessor},
   heldby =	 {nobody}
 }

@Manual{Potts_WH_01:L4rm,
  author = 	 {Daniel Potts and Simon Winwood and Gernot Heiser},
  title = 	 {L4 Reference Manual: {Alpha 21x64}},
  institution =  cse,
  year = 	 2001,
  address =	 unswadr,
  month =	 mar,
  note =	 {UNSW-CSE-TR-0104. Latest version available from
                  \url{http://www.cse.unsw.edu.au/~disy/L4/}},
  heldby =	 {gernot}
}

@Manual{PowerPC405GP:UM,
  title = 	 {PowerPC 405GP Embedded Processor User's Manual},
  organization = {IBM},
  edition =	 {9th},
  month =	 mar,
  year =	 2001,
  heldby =	 {gernot}
}

@Manual{R4000_91,
  author = 	 {Joe Heinrich},
  title = 	 "{MIPS R4000} Microprocessor User's Manual",
  organization = "MIPS Computer Systems, Inc.",
  address =	 "Sunnyvale, CA, USA",
  year =	 1991,
  heldby = 	 "gernot"
}

@Manual{R4600_95,
  title = 	 {IDT79R4600 and IDT79R4700 RISC Processor Hardware
                  User's Manual},
  organization = {Integrated Device Technology},
  year =	 1995,
  month =	 apr,
  key = 	 {R4600}
}

@Article{Ramachandran_SV_90,
  author = 	 "Umakishore Ramachandran and Marvin Solomon and Mary
		  K. Vernon",
  title = 	 "Hardware Support for Interprocess Communication",
  journal = 	 ieeetpds,
  year = 	 1990,
  volume = 	 "PDS-1",
  pages = 	 "318--329",
  keywords = 	 "coprocessor, message passing",
  heldby = 	 "gernot"
}

@Article{Ramamohanarao_Sacks-Davis_81,
  author = 	 {K. Ramamohanarao and R. Sacks-Davis},
  title = 	 {Hardware address translation for machines with a
                  large virtual memory},
  journal = 	 ipl,
  year = 	 1981,
  volume =	 13,
  number =	 1,
  pages =	 xyz,
  month =	 {oct},
  heldby =	 {gernot}
}

@Article{Rashid_JOSBFGJ_89,
  author =	"Rashid, R.F. and Julin, D. and Orr, D. and Sanzi,
		  R. and Baron, R. and Forin, A. and Golub, D. and
		  Jones, M.",
  title =	"Mach: a System Software Kernel",
  year =	1989,
  journal =	"Spring " # compcon,
  institution =	"IEEE",
  pages =	"176--8",
  heldby = 	 "gernot"
}

@InProceedings{Rashid_Robertson_81,
  author = 	 "Richard F. Rashid and George G. Robertson",
  title = 	 "Accent: A Communication Oriented Network Operating
		  System Kernel",
  pages =	 "64--75",
  booktitle =	 sosp81,
  year =	 1981
}

@Article{Rashid_TYGBBBC_88,
  author = 	"Richard Rashid and Tevanian, Jr., Avadis and Michael
		 Young and David Golub and Robert Baron and David
		 Black and William J. Bolosky and Jonathan Chew",
  title = 	"Machine-Independent Virtual Memory Management for
		 Paged Uniprocessor and Multiprocessor Architectures",
  journal = 	ieeetc,
  year = 	1988,
  volume = 	"C-37",
  pages = 	"896--908",
  keywords = 	"Mach, vrtual memory management",
  heldby = 	 "gernot"
}

@PhdThesis{Redell:phd,
  author = 	 {David D. Redell},
  title = 	 {Naming and Protection on Extendible Operating Systems},
  school = 	 {University of California, Berkeley},
  year = 	 1974,
  month =	 sep,
  note =	 {Also MIT Project MAC TR-140.},
  keywords =	 {capabilities},
  heldby =	 {gernot},
  annote =	 {revocation is hard}
}

@Article{Redell_DHLLMMP_80,
  author = 	 {Redell, David D. and Dalal, Yogen K. and Horsley,
                  Thomas R. and Lauer, Hugh C. and Lynch, Willian
                  C. and Mc{J}ones, Paul R. and Murray, Hal G. and
                  Purcell, Stephen C.},
  title = 	 {Pilot: An Operating System for a Personal Computer},
  journal = 	 cacm,
  year = 	 1980,
  volume =	 23,
  pages =	 {81-92},
  heldby =	 jerry
}

@TechReport{Rees_96,
  author = 	 {Jonathan A. Rees},
  title = 	 {A Security Kernel Based on the Lambda Calculus},
  institution =  {MIT AI Lab},
  year = 	 1996,
  type =	 {A.I. Memo},
  number =	 1564,
  address =	 {\url{ftp://publications.ai.mit.edu/ai-publications/1500--1999/AIM-1564.ps.Z}},
  month =	 mar,
  keywords =	 {capabilities},
  annote =	 {Recommended by J. Shapiro}
}

@TechReport{Ritchie_85,
  author = 	 {Scott Allen Ritchie},
  title = 	 {{TLB} For Free: In-Cache Address Translation For A
                  Multiprocessor Workstation},
  institution =  {CS Dept., UC Berkeley},
  year = 	 1985,
  number =	 {CSD-85-233},
  heldby =	 {gernot}
}

@InProceedings{Ritchie_Neufeld_93,
  author = 	 {D. Stuart Ritchie and Gerald W. Neufeld},
  title = 	 {User Level {IPC} and Device Management in the Raven Kernel},
  booktitle = 	 usenixmk93,
  year =	 1993,
  address =	 {San Diego, CA, USA},
  month =	 sep,
  pages =	 {111--125},
  heldby =	 {gernot}
}

@InProceedings{Romer_OKB_95,
  author = 	 "Theodore H. Romer and Wayne H. Ohllrich and Anna
		  R. Karlin and Brian N. Bershad",
  title = 	 "Reducing {TLB} and Memory Overhead Using Online
		  Superpage Promotion",
  pages =	 "176--87",
  booktitle =	 isca95,
  year =	 1995,
  organization = acm,
  address =	 "Santa Margherita Ligure, Itay",
  month =	 jun,
  heldby = 	 "gernot"
}

@PhdThesis{Roscoe:phd,
  author = 	 {Timothy Roscoe},
  title = 	 {The Structure of a Multi-Service Operating System},
  school = 	 {University of Cambridge Computer Laboratory},
  year = 	 1995,
  type =	 {{PhD} thesis},
  month =	 apr,
  note =	 {TR-376, URL
                  \url{http://www.cl.cam.ac.uk/ftp/papers/reports/TR376-tr-multi-service-os.ps.gz}},
  keywords =	 {Nemesis, Pegasus, SASOS},
  heldby =	 {gernot}
}

@Article{Roscoe_94,
  author = 	 "Timothy Roscoe",
  title = 	 "Linkage in the {Nemesis} Single Address Space
		  Operating System",
  journal =	 osr,
  year =	 1994,
  volume =	 28,
  number =	 4,
  pages =	 "48--55"
}

@InProceedings{Rosenberg_90,
  author = 	 "John Rosenberg",
  title = 	 "The {MONADS} Architecture---A Layered View",
  pages =	 "215--225",
  booktitle =	 pos90,
  year = 	 1990,
  editor =	 "A. Dearle and G. Shaw and S. Zdonik",
  publisher =	 "Morgan Kaufmann",
  address =	 "Martha's Vineyard, USA",
  heldby = 	 "gernot"
}

@InProceedings{Rosenberg_91,
  author = 	 "John Rosenberg",
  title = 	 "Architectural Support for Persistent Object Systems",
  pages =	 "48--60",
  booktitle =	 iwooos91,
  year = 	 1991,
  NOeditor =	 "Luis-Felipe Cabrera and Vincent Russo and Marc Shapiro",
  organization = ieee,
  address =	 "Palo Alto, CA, USA",
  keywords =	 "Monads",
  heldby = 	 "gernot"
}

@InProceedings{Rosenberg_Abramson_85,
  author = 	 "John Rosenberg and David Abramson",
  title = 	 "{MONADS-PC}---A Capability-Based Work\-station to
		  Support Software Engineering",
  booktitle = 	 hicss85,
  year = 	 1985,
  volume =	 1,
  organization = ieee,
  pages =	 "222--31",
  heldby = 	 "gernot",
  annote =	 "hashed (inverted) page table, HPT, IPT"
}

@Article{Rosenberg_DHLN_96,
  author = 	 "John Rosenberg and Alan Dearle and David Hulse and
		  Anders Lindstr{\"o}m and Stephen Norris",
  title = 	 "Operating System Support for Persistent and
		  Recoverable Computations",
  journal =	 cacm,
  year =	 1996,
  volume =	 39,
  number =	 9,
  pages =	 {62--69},
  month =	 sep,
  keywords =	 "grasshopper",
  heldby =	 "gernot"
}

@InProceedings{Rosenberg_HBMM_90,
  author = 	 "John Rosenberg and Frans Henskens and Fred Brown and
		  Ron Morrison and David Munro",
  title = 	 "Stability in a Persistent Store Based on a Large
		  Virtual Memory",
  booktitle = 	 iwcasspi,
  year = 	 1990,
  editor =	 "John Rosenberg and J. Leslie Keedy",
  publisher =	 "Springer-Verlag",
  address =	 "Bremen, Germany",
  pages =	 "229-245",
  heldby = 	 "missing"
}

@TechReport{Rosenberg_HBMM_90:tr,
  author = 	 "John Rosenberg and Frans Henskens and Fred Brown and
		  Ron Morrison and David Munro",
  title = 	 "Stability in a Persistent Store Based on a Large
		  Virtual Memory",
  institution =  "Department of Mathematics and Computational
		  Sciences",
  year = 	 1990,
  type =	 "Technical Report",
  number =	 "CS/90/6",
  address =	 "University of St.\ Andrews",
  heldby =	 "timw"
}

@InProceedings{Rosenblum_BHWG_95,
  author = 	 {Mendel Rosenblum and Edouard Bugnion and Stephen
                  Alan Herrod and Emmett Witchel and Anoop Gupta},
  title = 	 {The Impact of Architectural Trends on Operating
                  System Performance},
  booktitle = 	 sosp95,
  pages =	 xyz,
  year =	 1995,
  address =	 {Copper Mountain, CO, USA},
  month =	 dec,
  keywords =	 {SimOS},
  heldby =	 {gernot}
}

@Article{Rosenblum_HWG_95,
  author = 	 {Mendel Rosenblum and Stephen Alan Herrod and Emmett
                  Witchel and Anoop Gupta},
  title = 	 {Complete Computer Simulation: The
                  {SimOS} Approach},
  journal = 	 ieeepdt,
  year = 	 1995,
  volume =	 3,
  number =	 4,
  pages =	 {34--43},
  heldby =	 {gernot}
}

@Article{Rosenblum_Ousterhout_92,
  author = 	 {Mendel Rosenblum and John Ousterhout},
  title = 	 {The Design and Implementation of a Log-Structured
                  File System},
  journal = 	 tocs,
  year = 	 1992,
  volume =	 10,
  pages =	 {26--52},
  keywords =	 {LFS},
  heldby =	 {gernot}
}

@InProceedings{Rosti_SSS_98,
  author = 	 {Emilia Rosti and Giuseppe Serazzi and Evgenia Smirni
                  and Mark S. Squillante},
  title = 	 {The Impact of {I/O} on Program Behavior and Parallel
                  Scheduling},
  booktitle = 	 sigmetrics98,
  pages =	 xyz,
  year =	 1998,
  address =	 xyz,
  month =	 xyz,
  organization = acm,
  heldby =	 {gernot}
}

@Article{Russell_88,
  author = 	"Stephen Russell",
  title = 	"Single-User Capabilities in Interprocess Communication",
  journal = 	osr,
  year = 	1988,
  volume = 	22,
  pages = 	"45--52",
  heldby = 	 "gernot"
}

@Manual{SA1100:TRM,
  title = 	 {{SA-1100} Microprocessor Technical Reference Manual},
  key =		 {Intel},
  organization = {Intel Corp.},
  address =	 xyz,
  month =	 sep,
  year =	 1998,
  note =	 {Order no: 278088-001},
  keywords =	 {StrongARM},
  heldby =	 {gernot}
}

@TechReport{SCC:DTOS_97,
  author = 	 {{Secure Computing Corporation}},
  title = 	 {{DTOS} General System Security and Assurability
                  Assessment Reports},
  year = 	 1997,
  key =		 {SCC},
  number =	 {MD A904-93-C-4209 CDRL A011},
  address =	 {URL
                  \url{http://www.securecomputing.com/randt/HTML/dtos.html}},
  month =	 jun,
  heldby =	 {antonye}
}

@Manual{SH-4_PM_01,
  title = 	 {{SuperH} {RISC} engine {SH-4} Programming Manuel},
  key =		 {SH4PM},
  organization = {Hitachi Ltd},
  address =	 xyz,
  edition =	 {5.0},
  month =	 apr,
  year =	 2001,
  heldby =	 {gernot}
}

@Manual{SPARC:ABI64,
  title = 	 {System {V} Application Binary Interface Generic
                  64-Bit Extensions},
  key =		 {SPARC},
  organization = {SPARC International},
  edition =	 {Draft 1.20},
  year =	 1992,
  keywords =	 {Sys-V ABI, ELF-64},
  heldby =	 {gernot}
}

@Manual{SPARC:V8,
  title = 	 {The {SPARC} Architecture Manual, Version 8},
  organization = {SPARC International Inc.},
  address =	 {Menlo Park, CA, USA},
  year =	 1991,
  note =	 {\url{http://www.sparc.org/standards.html}},
  heldby =	 {gernot}
}

@Manual{SPEC95,
  title = 	 {{SPECint95} Benchmark/{SPECfp95} Benchmark},
  key =		 {SPEC95},
  organization = {Standard Performance Evaluation Corporation},
  address =	 {Manassas, VA, USA},
  year =	 1995,
  month =	 aug,
  heldby =	 {gernot},
  annote =	 {CPU/system benchmark}
}

@Manual{SPECfp95,
  title = 	 {{SPECfp95} Benchmark},
  key =		 {SPECfp95},
  organization = {Standard Performance Evaluation Corporation},
  address =	 {Manassas, VA, USA},
  year =	 1995,
  month =	 aug,
  heldby =	 {gernot},
  annote =	 {CPU/system benchmark}
}

@Manual{SPECint95,
  title = 	 {{SPECint95} Benchmark},
  key =		 {SPECint95},
  organization = {Standard Performance Evaluation Corporation},
  address =	 {Manassas, VA, USA},
  year =	 1995,
  month =	 aug,
  heldby =	 {gernot},
  annote =	 {CPU/system benchmark}
}

@Article{Saltzer_74,
  author = 	 "Jerome H. Saltzer",
  title = 	 "Protection and the Control of Information Sharing in
		  {Multics}",
  journal =	 cacm,
  year =	 1974,
  volume =	 17,
  pages =	 "388--402",
  heldby =	 "gernot"
}

@InCollection{Saltzer_79,
  author = 	 {Jerome H. Saltzer},
  title = 	 {Naming and Binding of Objects},
  crossref =	 {Bayer_GS:os},
  pages =	 {99--208},
  heldby =	 {gernot}
}

@Article{Sandhu_93,
  author = 	 "Ravi S. Sandhu",
  title = 	 "Lattice-Based Access Control Models",
  journal =	 comp,
  year =	 1993,
  volume =	 26,
  number =	 11,
  pages =	 "9--19",
  keywords =	 "Chinese Wall",
  heldby =	 "gernot"
}

@InProceedings{Sandhu_95,
  author = 	 {Ravi Sandhu},
  title = 	 {Rationale for the {RBAC}96 Family of Role-Based
                  Access Control},
  booktitle = 	 rbac95,
  pages =	 xyz,
  year =	 1995,
  address =	 xyz,
  month =	 xyz,
  heldby =	 {antonye}
}

@Article{Sandhu_CFY_96,
  author = 	 {Ravi Sandhu and Edward Coyne and Hal L. Felstein and
                  Charles E. Youman},
  title = 	 {Role-based Access Control Models},
  journal =	 comp,
  year =	 1996,
  volume =	 29,
  number =	 2,
  pages =	 {38-47},
  month =	 feb,
  heldby =	 {antonye},
  annote =       {RBAC96 family of models}
}

@InProceedings{Satyanarayanan_81,
  author = 	 {M. Satyanarayanan},
  title = 	 {A Study of File Sizes and Functional Lifetimes},
  booktitle = 	 sosp81,
  pages =	 xyz,
  year =	 1981,
  heldby =	 {gernot}
}

@Article{Satyanarayanan_MKSK_94,
  author = 	 "M. Satyanarayanan and Henry H. Mashburn and Puneet
		  Kumar and David C. Steere and James J. Kistler",
  title = 	 "Lightweight Recoverable Virtual Memory",
  journal =	 tocs,
  year =	 1994,
  volume =	 12,
  pages =	 "33--57",
  keywords =	 "recovery, restart, transactions; RVM",
  heldby =	 "gernot"
}

@InProceedings{Saulsbury_DS_00,
  author = 	 {Ashley Saulsbury and Fredrik Dahlgren and Per
                  Stenstr{\"o}m},
  title = 	 {Recency-Based {TLB} Preloading},
  booktitle = 	 isca00,
  pages =	 {117--127},
  year =	 2000,
  address =	 {Vancouver, Canada},
  month =	 jun,
  organization = acm,
  heldby =	 {gernot}
}

@Book{Schimmel:UNIX,
  author =	 {Curt Schimmel},
  title = 	 {{UNIX} Systems for Modern Architectures},
  publisher = 	 {Addison Wesley},
  year = 	 1994,
  heldby =	 {gernot}
}

@Article{Schleicher_Taylor_89,
  author = 	 {D.L. Schleicher and R.L. Taylor},
  title = 	 {System Overview of the {A}pplication {S}ystem/400},
  journal = 	 ibmsj,
  year = 	 1989,
  volume =	 28,
  pages =	 {360--375},
  keywords =	 {AS/400},
  heldby =	 {gernot}
}

@InProceedings{Schmidt_LN_99,
  author = 	 {Brian K. Schmidt and Monica S. Lam and J. Duane Northcutt},
  title = 	 {The Interactive Performance of {SLIM}: a Stateless,
                  Thin-Client Architecture},
  booktitle = 	 sosp99,
  pages =	 {32--47},
  year =	 1999,
  address =	 {Kiawah Island, SC, USA},
  month =	 dec,
  heldby =	 {gernot}
}

@TechReport{Schonberg_96,
  author = 	 {Sch\"{o}nberg, S.},
  title = 	 {The {L4} microkernel on {Alpha} - Design and Implementation},
  institution =  {Cambridge University},
  year = 	 1996,
  number =	 407,
  heldby =	 gernot
}

@InProceedings{Seeley_90,
  author = 	"Donn Seeley",
  title = 	"Shared Libraries as Objects",
  booktitle = 	usenix90s,
  year = 	1990,
  pages = 	"25--37",
  heldby =	 "gernot"
}

@InProceedings{Seltzer_BMS_93,
  author = 	 {Margo Seltzer and Keith Bostic and M. Kirk McKusick
                  and Carl Staelin},
  title = 	 {An Implementation of a Log-Structured File System
                  for {UNIX}},
  booktitle = 	 usenix93w,
  pages =	 {307--326},
  year =	 1993,
  address =	 {San Diego, CA, USA},
  month =	 jan,
  keywords =	 {LFS, BSD, cleaner},
  heldby =	 {gernot}
}

@InProceedings{Seltzer_ESS_96,
  author =       "Seltzer, M.I. and Endo, Y. and Small, C. and Smith, K.A." ,
  title = 	 {Dealing with Disaster: Surviving Misbehaved Kernel
                  Extensions},
  year = 	 1996,
  booktitle =	 osdi96,
  month =	 nov,
  pages =	 {213--228},
  annote =       {Vino, transactions},
  heldby =	 gernot
}

@InProceedings{Seltzer_SBCMP_95,
  author = 	 {Margo Seltzer and K. Smith and H. Balakrishnan and
                  J. Chang and S. McMains and V. Padmanabhan},
  title = 	 {File System Logging Versus Clustering: A Performance
                  Comparison},
  booktitle = 	 usenix95,
  pages =	 {249--264},
  year =	 1995,
  address =	 {New Orleans, LA, USA},
  month =	 jan,
  heldby =	 {gernot}
}

@TechReport{Shap_97,
  author = 	 {Shapiro, J.S.},
  title = 	 {{EROS}: A Capability System},
  institution =  {Department of Computer and Information Science,
                  University of Pennsylvania},
  year = 	 1997,
  number =	 {MS-CIS-97-04},
  heldby =	 jerry
}

@TechReport{Shap_Weber_97,
  author = 	 {Shapiro, J.S. and Weber, S.},
  title = 	 {Verifying Operating System Security},
  institution =  {Department of Computer and Information Science,
                  University of Pennsylvania},
  year = 	 1997,
  number =	 {MS-CIS-97-26},
  heldby =	 jerry
}

@InProceedings{Shapiro_FS_96,
  author =       {Jonathan S. Shapiro and David F. Faber and Jonathan
                  M. Smith},
  title =        {State caching in the {EROS} kernel - implementing efficient
		  orthogonal peristence in a pure capability system},
  booktitle =    iwooos96,
  pages =        {89--100},
  year =         1996,
  address =      {Seattle, WA, USA},
  month =        nov
}

@InProceedings{Shapiro_FS_96a,
  author = 	 {Jonathan S. Shapiro and David F. Faber and Jonathan
                  M. Smith},
  title = 	 {The Measured Performance of Fast Local {IPC}},
  booktitle = 	 iwooos96,
  pages =	 {89--94},
  year =	 1996,
  address =	 {Seattle, WA, USA},
  month =	 oct,
  organization = ieee,
  heldby =	 {gernot}
}

@Article{Shapiro_GHMRV_89,
  author =	 "Shapiro, M. and Gourhant, Y. and Habert, S. and
		  Mosseri, L. and Ruffin, M. and Valot, C.",
  title =	 "{SOS}: an Object-Oriented Operating System - Assessment
		  and Perspectives",
  year =	 1989,
  month =	 dec,
  journal =	 compsys,
  volume =	 2,
  number =	 4,
  pages =	 "287--338",
  heldby = 	 "gernot"
}

@Techreport{Shapiro_PG_90,
  author =	"Shapiro, M. and Plainfosse, D. and Gruber, O.",
  title =	"A Garbage Detection Protocol for a Realistic
		 Object-Support System",
  year =	1990,
  month =	nov,
  type =	"Research Report",
  number =	1320,
  institution =	"INRIA",
  heldby = 	 "gernot"
}

@InProceedings{Shapiro_SF_99,
  author = 	 {Jonathan S. Shapiro and Jonathan M. Smith and David
                  J. Farber},
  title = 	 {{EROS}: A Fast Capability System},
  booktitle = 	 sosp99,
  pages =	 {170--185},
  year =	 1999,
  address =	 {Charleston, SC, USA},
  month =	 dec,
  heldby =	 {gernot}
}

@InProceedings{Shapiro_Weber_00,
  author = 	 {Jonathan S. Shapiro and Samuel Weber},
  title = 	 {Verifying the {EROS} Confinement Mechanism},
  booktitle = 	 {ieeessp},
  pages =	 xyz,
  year =	 2000,
  address =	 xyz,
  month =	 xyz,
  heldby =	 {gernot}
}

@InProceedings{Shenoy_Vin_98,
  author = 	 {Prashant J. Shenoy and Harrick M. Vin},
  title = 	 {Cello: A Disk Scheduling Framework for Next
                  Generation Operating Systems},
  booktitle = 	 sigmetrics98,
  pages =	 xyz,
  year =	 1998,
  address =	 xyz,
  month =	 xyz,
  organization = acm,
  heldby =	 {gernot}
}

@TechReport{Shinagawa_KM_00,
  author = 	 {Takahiro Shinagawa and Kenji Kono and Takashi Masuda},
  title = 	 {Exploiting Segmentation Mechanism for Protecting
                  against Malicious Mobile Code},
  institution =  {Dept.\ of Information Science},
  year = 	 2000,
  number =	 {00-02},
  address =	 {University of Tokyo},
  month =	 may,
  heldby =	 {gernot}
}

@InProceedings{Shriver_SS_99,
  author = 	 {Elisabeth Shriver and Christopher Small and Keith A. Smith},
  title = 	 {Why Does File Prefetching Work?},
  pages =	 {71--84},
  booktitle = 	 usenix99,
  year =	 1999,
  address =	 {Monterey, CA, USA},
  month =	 jun,
  keywords =	 {I/O, disk cache, seek},
  heldby =	 {gernot},
  annote =	 {In-depth examination of where gains are in
                  prefetching, incl analytical model of I/O}
}

@InProceedings{Singhal_KW_92,
  author = 	 {Vivek Singhal and Sheetal V. Kakkad and Paul R. Wilson},
  title = 	 {Texas: An Efficient, Portable Persistent Store},
  booktitle = 	 pos92,
  year =	 1992,
  publisher =	 "Springer-Verlag",
  address =	 {San Miniato, Italy},
  month =	 sep,
  pages =	 {11-33},
  heldby = 	 {gernot},
  annote =	 {pointer swizzling at page-fault time}
}

@Book{Solomon:INT,
  author =	 {David A. Solomon},
  title = 	 {Inside {Windows-NT}},
  publisher = 	 {Microsoft},
  year = 	 1998,
  heldby =	 {gernot},
  annote =	 {Supersedes \cite{Custer:INT}}
}

@Book{Solomon:IW2k,
  author =	 {David A. Solomon and Mark Russinovich},
  title = 	 {Inside {Windows-2000}},
  publisher = 	 {Microsoft},
  year = 	 2000,
  heldby =	 {gernot},
  annote =	 {Supersedes \cite{Solomon:INT}}
}

@Book{Soltis:as400,
  author = 	 {Frank G. Soltis},
  title = 	 {Inside the {AS/400}},
  publisher = 	 {Duke Press},
  year = 	 1996,
  address =	 {Loveland, CO, USA},
  heldby =	 {gernot}
}

@Book{Soltis:as400e,
  author =       {Frank G. Soltis},
  title =        {Inside the {AS/400}, Featuring the {AS/400e} series},
  publisher =    {29th Street Press},
  year =         1997,
  address =      {Loveland, CO, USA},
  heldby =       {gernot},
  annote =	 {AS/400 used "tags active mode", which bypasses
                  segmentation (virtual address = effective
                  address). Claims they aren't using capabilities, but
                  certainly using tag-protected (128 bit)
                  pointers). Would be interesting ot see whether on
                  PPCs supporting 80-bit VAs, they can actually use
                  80-bit EAs in their protected pointers.}
}

@InProceedings{Spencer_SLHAL_00,
  author = 	 {Ray Spencer and Stephen Smalley and Peter Loscocco
                  and Mike Hibler and David Andersen and Jay Lepreau},
  title = 	 {The {Flask} Security Architecture: System Support for
                  Diverse Security Policies},
  booktitle = 	 usenixsec00,
  pages =	 xyz,
  year =	 2000,
  address =	 xyz,
  month =	 xyz,
  heldby =	 {gernot}
}

@InProceedings{Spencer_SLHAL_99,
  author = 	 {Ray Spencer and Stephen Smalley and Peter Loscocco
                  and Mike Hibler and Dave Andersen and Jay Lepreau},
  title = 	 {The {Flask} Security Architecture: System Support
                  for Diverse Security Policies},
  booktitle = 	 usenixsec99,
  pages =	 xyz,
  year =	 1999,
  address =	 {Washington, DC, USA},
  month =	 aug,
  heldby =	 {gernot}
}

@Book{Stallings:os3,
  author =	 {William Stallings},
  title = 	 {Operating Systems: Internals and Design Principles},
  publisher = 	 {Prentice Hall},
  year = 	 1998,
  edition =	 {3rd},
  heldby =	 {gernot}
}

@InProceedings{Steensgaard_Jul_95,
  author = 	 "Bjarne Steensgaard and Eric Jul",
  title = 	 "Object and Native Code Thread Mobility Among
		  Heterogenous Computers",
  pages =	 "68--78",
  booktitle =	 sosp95,
  year =	 1995,
  address =	 "Copper Mountain, CO, USA",
  month =	 dec,
  heldby =	 "gernot"
}

@InProceedings{Stodolsky_Bershad_93,
  author = 	 {Daniel Stodolsky and Brian N. Bershad},
  title = 	 {Fast Interrupt Priority Management in Operating
                  System Kernels},
  booktitle = 	 usenixmk93,
  year =	 1993,
  address =	 {San Diego, CA, USA},
  month =	 sep,
  heldby =	 {gernot},
  pages =	 {105--110}
}

@Article{Stonebraker_81,
  author = 	 "Michael Stonebraker",
  title = 	 "Operating System Support for Database Management",
  journal =	 cacm,
  year =	 1981,
  volume =	 24,
  pages =	 "412--418",
  heldby =	 "gernot"
}

@InProceedings{Subramanian_MPR_98,
  author = 	 {Indira Subramanian and Cliff Mather and Kurt Peterson and
                  Balakrishna Raghunath},
  title = 	 {Implementation of Multiple Pagesize Support in {HP-UX}},
  booktitle = 	 usenix98,
  year =	 1998,
  address =	 {New Orleans, USA},
  month =	 jun,
  heldby =	 {gernot}
}

@InProceedings{Sullivan_HS_99,
  author = 	 {David Sullivan and Robert Haas and Margo Seltzer},
  title = 	 {Tickets and Currencies Revisited: Extensions to
                  Multi-Resource Lottery Scheduling},
  booktitle = 	 hotos99,
  pages =	 xyz,
  year =	 1999,
  address =	 {Rio Rico, AZ, USA},
  month =	 mar,
  heldby =	 {gernot},
  annote =	 {currencies (like Amoeba - which they don't reference)}
}

@InProceedings{Sullivan_Seltzer_00,
  author = 	 {David Sullivan and Margo Seltzer},
  title = 	 {Isolation with Flexibility: A Resource Management
                  Framework for Central Servers},
  booktitle = 	 usenix00,
  pages =	 {337--350},
  year =	 2000,
  address =	 {San Diego, CA, USA},
  month =	 jun,
  heldby =	 {gernot}
}

@Manual{SunShield,
  title = 	 {{SunSHIELD} Basic Security Module Guide},
  organization = {Sun Microsystems Inc},
  address =	 {901 San Antonio Road, Palo Alto, {CA} 94303 {USA}.},
  heldby =	 jerry
}

@InProceedings{Swanson_SC_98,
  author = 	 {Mark Swanson and Leigh Stoller and John Carter},
  title = 	 {Increasing {TLB} Reach using Superpages Backed by
                  Shadow Memory},
  booktitle = 	 isca98,
  year =	 1998,
  organization = acm,
  pages =	 {204-213},
  OPTaddress = 	 {Barcelona, Spain}
}

@InProceedings{Sweeney_DHANP_96,
  author = 	 {Adam Sweeney and Doug Doucette and Wei Hu and Curtis
                  Anderson and Mike Nishimoto and Geoff Peck},
  title = 	 {Scalability in the {XFS} File System},
  booktitle = 	 usenix96,
  pages =	 xyz,
  year =	 1996,
  address =	 {San Diego, CA, USA},
  month =	 jan,
  keywords =	 {B-tree directory, logging for metadata updates,
                  group commit (lazy logging), data consecutive to metadata},
  heldby =	 {gernot}
}

@Article{Swinehart_ZBH_86,
  author = 	 {Daniel C. Swinehart and Polle T. Zellweger and
                  Richard J. Beach and Robert B. Hagmann},
  title = 	 {A Structural View of the {Cedar} Programming Environment},
  journal = 	 topls,
  year = 	 1986,
  volume =	 8,
  pages =	 {419--490},
  heldby =	 {gernot}
}

@MastersThesis{Szmajda:be,
  author = 	 {Cristan Szmajda},
  title = 	 {A New Virtual Memory Implementation for {L4/MIPS}},
  school = 	 cse,
  year = 	 1999,
  type =	 {{BE} Thesis},
  address =	 unswadr,
  month =	 nov,
  note =	 {Available from
                  \url{http://www.cse.unsw.edu.au/~disy/papers/}},
  keywords =	 {GPT, Patricia trie, level compression, path
                  compression, varibale node size, multiple page sizes},
  heldby =	 {gernot}
}

@Unpublished{Szmajda_01,
  author = 	 {Cristan Szmajda},
  title = 	 {Calypso: A Portable Translation Layer},
  note = 	 {Subm.\ to L4 Workshop},
  month =	 aug,
  year =	 2001,
  heldby =	 {gernot}
}

@PhdThesis{Talluri:phd,
  author = 	 {Madhusudhan Talluri},
  title = 	 {Use of Superpages and Subblocking in the Address
                  Translation Hierarchy},
  school = 	 {University of Wisconsin-Madison Computer Sciences},
  year = 	 1995,
  type =	 {PhD thesis},
  note =	 {Technical Report \#1277},
  heldby =	 {kevine}
}

@InProceedings{Talluri_HK_95,
  author = 	 "Madhusudha Talluri and Mark D. Hill and Yousef A. Khalid",
  title = 	 "A New Page Table for 64-Bit Address Spaces",
  pages =	 "184--200",
  booktitle =	 sosp95,
  year =	 1995,
  address =	 "Copper Mountain Resort, Co, USA",
  month =	 dec,
  keywords =	 "clustered page tables",
  heldby =	 "gernot"
}

@InProceedings{Talluri_Hill_94,
  author = 	 {Madhusudhan Talluri and Mark D. Hill},
  title = 	 {Surpassing the {TLB} Performance of Superpages with
                  Less Operating System Support},
  booktitle = 	 asplos94,
  pages =	 {171--182},
  year =	 1994,
  month =	 {San Jose, CA, USA},
  keywords =	 {subblocking},
  heldby =	 {gernot}
}

@InProceedings{Talluri_KHP_92,
  author = 	 {Madhusudhan Talluri and Shing Kong and Mark D. Hill
                  and David A. Patterson},
  title = 	 {Tradeoffs in Supporting Two Page Sizes},
  booktitle = 	 isca92,
  year =	 1992,
  organization = acm,
  pages =	 xyz,
  heldby =	 {gernot}
}

@InProceedings{Tamches_Miller_99,
  author = 	 {Ariel Tamches and Barton P. Miller},
  title = 	 {Fine-Grained Dynamic Instrumentation of Commodity
                  Operating System Kernels},
  booktitle = 	 osdi99,
  pages =	 {117--130},
  year =	 1999,
  address =	 {New Orleans, LA, USA},
  month =	 feb,
  organization = usenix,
  keywords =	 {instruction splicing, springboards},
  heldby =	 {gernot},
  annote =	 {instrument a running Solaris kernel by dynamically
                  adding code, seem to deal with all problems}
}

@Article{Tan_RLC_96,
  author = 	 "See-Mong Tan and David K. Raila and Willy S. Liao
		  and Roy H. Campbell",
  title = 	 "Virtual Hardware for Operating Systems Development",
  journal =	 tcos,
  year =	 1996,
  volume =	 8,
  number =	 1,
  pages =	 xyz,
  month =	 "Spring",
  heldby =	 "gernot"
}

@Article{Thompson_Ritchie_74,
  author = 	 "Ken Thompson and Dennis M. Ritchie",
  title = 	 "The {UNIX} Time-Sharing System",
  journal =	 cacm,
  year =	 1974,
  volume =	 17,
  pages =	 "365--375",
  heldby =	 "gernot"
}

@InProceedings{Tidswell_OP_99,
  author = 	 {Jonathon Tidswell and Geoffrey Outhred and John
                  Potter},
  title = 	 {Dynamic Rights: Safe Extensible Access Control},
  booktitle = 	 rbac99,
  pages =	 xyz,
  year =	 1999,
  address =	 {Washington DC, USA},
  month =	 oct,
  heldby =	 {antonye}
}

@InProceedings{Tidswell_Potter_97,
  author = 	 {Jonathon Tidswell and John Potter},
  title = 	 {Domain and Type Enforcement in a $\mu$-Kernel},
  booktitle = 	 acsc97,
  pages =	 {158--164},
  year =	 1997,
  address =	 {Sydney, Australia},
  month =	 feb,
  heldby =	 {gernot},
  annote =	 {no dynamic controls}
}

@InProceedings{Tidswell_Potter_98,
  author = 	 {Jonathon Tidswell and John Potter},
  title = 	 {A Dynamically Typed Access Control Model},
  booktitle = 	 {Proceedings of the 3rd Australasian Conference on
                  Information Security and Privacy},
  pages =	 xyz,
  year =	 1998,
  address =	 xyz,
  month =	 jul,
  heldby =	 {jont}
}

@MastersThesis{Tran:be,
  author = 	 "Van Tran",
  title = 	 "Management of large address spaces",
  school = 	 cse,
  year = 	 1992,
  address =	 unswadr,
  note =	 "To be submitted",
  type =	 "{BE} Thesis",
  heldby = 	 "gernot"
}

@InProceedings{Uhlig_NMSE_95,
  author = 	 "Richard Uhlig and David Nagle and Trevor Mudge and
		  Stuart Sechrest and Joel Emer",
  title = 	 "Instruction Fetching: Coping with Code Bloat",
  pages =	 "345--56",
  booktitle =	 isca95,
  year =	 1995,
  organization = acm,
  address =	 "Santa Margherita Ligure, Itay",
  month =	 jun,
  heldby = 	 "gernot"
}

@Article{Uhlig_NSMSB_94,
  author = 	 "Richard Uhlig and David Nagle and Tim Stanley and
		  Trevor Mudge and Stuart Sechrest and Richard Brown",
  title = 	 "Design Tradeoffs for Software-Managed {TLB}s",
  journal =	 tocs,
  year =	 1994,
  pages =	 "175--205"
}

@Manual{UltraSPARC:UM,
  title = 	 {{UltraSPARC} User's Manual},
  organization = {Sun Microsystems},
  address =	 {Palo Alto, CA, USA},
  month =	 jul,
  year =	 1997,
  heldby =	 {gernot}
}

@Manual{UltraSPARC_97,
  title = 	 {{UltraSPARC} User's Manual},
  key =		 {Sun UltraSPARC},
  organization = {Sun Microsystems},
  address =	 {Palo Alto, CA, USA},
  month =	 jul,
  year =	 1997,
  note =	 {URL
                  \url{http://www.sun.com/microelectronics/manuals/ultrasparc/802-7220-02.pdf}},
  heldby =	 {gernot}
}

@InProceedings{Vaughan_DCBFHLR_94,
  author = 	 "Francis Vaughan and Alan Dearle and Jiannong Cao and
		  di Bona, Rex and J. Matthew Farrow and Frans
		  Henskens and Anders Lindstr{\"o}m",
  title = 	 "Causality Considerations in Distributed, Persistent
		  Operating Systems",
  pages =	 "409--20",
  booktitle =	 acsc94,
  year =	 1994,
  address =	 "Christchurch, New Zealand",
  month =	 feb,
  heldby =	 "gernot"
}

@InProceedings{Vaughan_Dearle_92,
  author = 	 {Francis Vaughan and Alan Dearle},
  title = 	 {Supporting Large Persistent Stores using
                  Conventional Hardware},
  booktitle = 	 {pos92},
  year =	 1992,
  publisher =	 {Springer-Verlag},
  address =	 {San Miniato, Italy},
  month =	 sep,
  pages =	 {34--52},
  heldby =	 {gernot},
  annote =	 {hybrid pointer-swizzling scheme, overview of techniques}
}

@PhdThesis{Vochteloo:phd,
  author = 	 {Jerry Vochteloo},
  title = 	 {Design, Implementation and Performance of Protection
                  in the {Mungi} Single-Address-Space Operating System},
  school = 	 cse,
  year = 	 1998,
  type =	 {PhD Thesis},
  address =	 unswadr,
  month =	 jul,
  note =	 {Available from
                  \url{http://www.cse.unsw.edu.au/~disy/papers/}},
  heldby =	 {gernot}
}

@InProceedings{Vochteloo_ERH_96,
  author = 	 "Jerry Vochteloo and Kevin Elphinstone and Stephen
		  Russell and Gernot Heiser",
  title = 	 "Protection Domain Extensions in {Mungi}",
  booktitle =	 iwooos96,
  year =	 1996,
  address =	 "Seattle, WA, USA",
  month =	 oct,
  pages =	 {161--165},
  keywords =	 "PDX",
  heldby =	 "gernot"
}

@InProceedings{Vochteloo_RH_93,
  author = 	 "Jerry Vochteloo and Stephen Russell and Gernot Heiser",
  title = 	 "Capability-Based Protection in the {Mungi} Operating
		  System",
  booktitle =	 iwooos93,
  year = 	 1993,
  NOeditor =	 "Luis-Felipe Cabrera and Norman Hutchinson",
  address =	 "Asheville, NC, USA",
  month =	 dec,
  pages =	 "108--15",
  heldby = 	 "gernot"
}

@TechReport{Vochteloo_RH_93:tr,
  author = 	 "Jerry Vochteloo and Stephen Russell and Gernot Heiser",
  title = 	 "Capability Based Protection in a Persistent Global
		  Virtual Memory System",
  institution =  unsw,
  year = 	 1993,
  type =	 "Technical Report",
  number =	 {UNSW-CSE-TR-9303},
  address =	 unswadr,
  month =	 mar,
  heldby = 	 "gernot"
}

@InProceedings{Voelker_AKFCKL_98,
  author = 	 {Geoffrey M. Voelker and Eric J.Anderson and Tracy
                  Kimbrel and Michael J. Feeley and Jeffrey S. Chase
                  and Anna R. Karlin and Henry Levy},
  title = 	 {Implementing Cooperative Prefetching and Caching in
                  a Globally-Managed Memory System},
  booktitle = 	 sigmetrics98,
  pages =	 xyz,
  year =	 1998,
  address =	 xyz,
  month =	 xyz,
  organization = acm,
  heldby =	 {gernot}
}

@InProceedings{Wahbe_LAG_93,
  jerrylabel =   {Wahbe_LA_93},
  author =       "Robert Wahbe and Steven Lucco and Thomas E. Anderson
                 and Susan L. Graham",
  title =        "Efficient Software-Based Fault Isolation",
  pages =        "203--216",
  booktitle =    sosp93,
  month =        dec,
  address =      "Asheville, NC, USA",
  year =         1993,
  heldby =	 gernot
}

@InProceedings{Waldspurger_Weihl_94,
  author = 	 "Carl A. Waldspurger and William E. Weihl",
  title = 	 "Lottery Scheduling: Flexible Proportional-Share
		  Resource Management",
  pages =	 "1--11",
  booktitle =	 osdi94,
  year =	 1994,
  address =	 "Monterey, CA, USA",
  month =	 nov,
  keywords =	 {random, currency, money},
  heldby =	 {gernot}
}

@InProceedings{Waldspurger_Weihl_96,
  author = 	 "Carl A. Waldspurger and William E. Weihl",
  title = 	 "An Object-Oriented Framework for Modular Resource Management",
  pages =	 "138--143",
  booktitle =	 iwooos96,
  year =	 1996,
  organization = ieee,
  address =	 "Seattle, WA, USA",
  month =	 oct,
  keywords =	 {lottery, stride scheduling, min-funding revocation, random},
  heldby =	 {gernot}
}

@Article{Wallace_90,
  author = 	 "Chris S. Wallace",
  title = 	 "Physically Random Generator",
  journal =	 csse,
  year =	 1990,
  volume =	 5,
  pages =	 "82--88",
  heldby =	 "gernot"
}

@InProceedings{Wallace_Pose_90,
  author = 	 {Chris S. Wallace and Ronald D. Pose},
  title = 	 {Charging in a secure environment},
  booktitle = 	 {Security and Persistence},
  year =	 1990,
  publisher =	 {Springer Verlag},
  address =	 {Bremen, Germany},
  month =	 may,
  pages =	 {85--97},
  keywords =	 {password capabilities, charging, bank accounts, confinement},
  heldby =	 {gernot}
}

@PhdThesis{Waldspurger:phd,
  author = 	 {Carl A. Waldspurger},
  title = 	 {Lottery and Stride Scheduling: Flexible
                  Proportional-Share Resource Management},
  school = 	 {Dept of EECS},
  year = 	 1995,
  address =	 {MIT},
  month =	 1995,
  heldby =	 {gernot}
}

@Article{Wang_Baer_91,
  author = 	"Wen-Hann Wang and Jean-Loup Baer",
  title = 	"Efficient Trace-Driven Simulation Methods for Cache
		 Performance Analysis",
  journal = 	tocs,
  year = 	1991,
  volume = 	9,
  pages = 	"222--41",
  heldby =	 "gernot"
}

@Book{Weaver:SPARCv9,
  editor =	 {David L. Weaver},
  title = 	 {{SPARC} Architecture Manual Version 9},
  publisher = 	 {Prentice-Hall},
  year = 	 1993,
  keywords =	 {UltraSPARC, 64-bit},
  heldby =	 {gernot}
}

@InProceedings{Wheeler_Bershad_92,
  author = 	 {Bob Wheeler and Brian N. Bershad},
  title = 	 {Consistency Management for Virtually Indexed Caches},
  booktitle = 	 asplos92,
  year =	 1992,
  organization = acm,
  pages =	 {124--136},
  keywords =	 {Mach, HP-PA},
  heldby =	 {gernot}
}

@MastersThesis{Wiggins:be,
  author =	{Adam Wiggins},
  title =	{The Design and Implementation of the L4 Microkernel on the
                 {StrongARM} {SA-1100}},
  school =	cse,
  year =	1999,
  type =	{{BE} Thesis},
  address =	unswadr,
  month =	nov,
  note =	 {Available from \url{http://www.cse.unsw.edu.au/~disy/papers/}},
  keywords =    {ARM, StrongARM, SA-1100, domains, microkernel design, 
		 microkernel implementation},
  heldby =	{gernot}
}

@Unpublished{Wiggins:prop98,
  author = 	 {Adam Wiggins},
  title = 	 {The {L4} Micro-Kernel ({L4$\mu$K}) on the
                  {Strong\-ARM} {SA-1100}},
  note = 	 {Working paper. URL
                  \url{http://www.cse.unsw.edu.au/~disy/papers/Wiggins\_prop98.ps.gz}},
  month =	 oct,
  year =	 1998,
  heldby =	 {gernot}
}

@InProceedings{Wiggins_Heiser_00,
  author = 	 {Adam Wiggins and Gernot Heiser},
  title = 	 {Fast Address-Space Switching on the {StrongARM}
                  {SA-1100} Processor},
  booktitle = 	 acac00,
  pages =	 {97--104},
  year =	 2000,
  address =	 {Canberra, Australia},
  publisher =	 {IEEE CS Press},
  month =	 jan,
  heldby =	 {gernot}
}

@TechReport{Wiggins_01:tr,
  author = 	 {Adam Wiggins},
  title = 	 {{PLEB}: A Platform for Portable and Embedded Systems
                  Research},
  institution =  cse,
  year = 	 2001,
  type =	 {Technical Report},
  number =	 {UNSW-CSE-TR-0105},
  address =	 unswadr,
  note =	 {Available from URL
                  \url{http://www.cse.unsw.edu.au/~disy/papers/}},
  month =	 apr,
  heldby =	 {gernot}
}

@TechReport{Wiggins_Heiser_99:tr,
  author = 	 {Adam Wiggins and Gernot Heiser},
  title = 	 {Fast Address-Space Switching on the {StrongARM}
                  {SA-1100} Processor},
  institution =  cse,
  year = 	 1999,
  type =	 {Technical Report},
  number =	 {UNSW-CSE-TR-9906},
  address =	 unswadr,
  month =	 jul,
  heldby =	 {gernot}
}

@Article{Wilkes_82,
  author =	"Wilkes, M.V.",
  title =	"Hardware Support for Memory Protection: Capability
		 Implementation",
  year =	1982,
  journal =	asplos82,
  pages =	"108-116",
  keywords =	"Capabilities",
  heldby = 	 "gernot"
}

@TechReport{Wilkes_Sears_92,
  author = 	 {John Wilkes and Bart Sears},
  title = 	 {A Comparison of Protection Lookaside Buffers and the
                  {PA-RISC} Protection Architecture},
  institution =  {HP Labs},
  year = 	 1992,
  number =	 {HPL-92-55},
  address =	 {Palo Alto, CA, USA},
  month =	 mar,
  keywords =	 {Koldinger, PLB},
  heldby =	 {gernot}
}

@TechReport{Wilkinson_MSS_93,
  author = 	 "Tim Wilkinson and Kevin Murray and Ashley Saulsbury
		  and Tom Stiemerling",
  title = 	 "Compiling for a 64-Bit Single Address Space Architecture",
  institution =  "Systems Architecture Research Centre, City University",
  year = 	 1993,
  type =	 "Technical report",
  number =	 "TCU/SARC/1993/1",
  address =	 "London, UK",
  month =	 mar,
  heldby = 	 "gernot",
  keywords =	 "Angel, SASOS",
  annote =	 "POSIX/UNIX support, fork"
}

@TechReport{Wilkinson_Murray_94,
  author = 	 {Tim Wilkinson and Kevin Murray},
  title = 	 {Extensible, flexible and secure services in {A}ngel,
                  a single address space operating system},
  institution =  {Systems Architecture Research Centre, City University},
  year = 	 1994,
  number =	 {TCU/SARC/1994/?},
  address =	 {London, UK},
  month =	 nov,
  heldby =	 {gernot}
}

@Article{Wilson_91,
  author = 	 "Paul R. Wilson",
  title = 	 "Pointer Swizzling at Page Fault Time: Efficiently
		  Supporting Huge Address Spaces on Standard Hardware",
  journal = 	 can,
  year = 	 1991,
  volume = 	 19,
  number = 	 4,
  pages = 	 "6--13",
  month = 	 jun,
  keywords = 	 "large address space",
  heldby = 	 "gernot"
}

@InProceedings{Wilson_92,
  author = 	 {Paul R. Wilson},
  title = 	 {Uniprocessor Garbage Collection Techniques},
  booktitle = 	 iwmm92,
  year =	 1992,
  publisher =	 {Springer Verlag},
  address =	 {St Malo, France},
  pages =	 xyz,
  heldby =	 {gernot},
  annote =	 {\url{ftp://ftp.cs.utexas.edu/pub/garbage/gcsurvey.ps}}
}

@Article{Wilson_98,
  author = 	 {Paul R. Wilson},
  title = 	 {Uniprocessor Garbage Collection Techniques},
  journal = 	 acmcs,
  year = 	 xyz,
  volume =	 xyz,
  pages =	 xyz,
  note =	 {To appear.},
  heldby =	 {gernot},
  annote =	 {\url{ftp://ftp.cs.utexas.edu/pub/garbage/bigsurv.ps}}
}

@InProceedings{Wilson_Johnstone_93,
  author = 	 {Paul R. Wilson and Mark S. Johnstone},
  title = 	 {Real-Time Non-Copying Garbage Collection},
  booktitle = 	 oopsla93-mmgc,
  year =	 1993,
  organization = acm,
  address =	 {Washington D.C., USA},
  month =	 sep,
  pages =	 xyz,
  heldby =	 {gernot},
  annote =	 {\url{ftp://ftp.cs.utexas.edu/pub/garbage/GC93/wilspon.ps}}
}

@Article{Wilson_KM_94,
  author = 	 {Paul R. Wilson and Sheetal Kakkad and Shubhendu S. Mukherjee},
  title = 	 {Anomalies and Adaptation in the Analysis and
                  Development of Prefetching Policies},
  journal = 	 jss,
  year = 	 1994,
  volume =	 27,
  pages =	 {147--153},
  note =	 {Technical communication.},
  heldby =	 {gernot},
  annote =	 {\url{ftp://ftp.cs.utexas.edu/pub/garbage/GC93/prefetchsim.ps}}
}

@InProceedings{Wilson_Kakkad_92,
  author = 	 "Paul R. Wilson and Sheetal V. Kakkad",
  title = 	 "Pointer Swizzling at Page Fault time: Efficiently
		  and Compatibly Supporting Huge Address Spaces on
		  Standard Hardware",
  pages =	 "364--377",
  booktitle =	 iwooos92,
  year =	 1992,
  organization = ieee,
  address =	 "Dourdan, France",
  month =	 sep,
  heldby =	 "gernot",
  annote =	 "Overheads: 64-bit pointers, allocated but not (yet)
		  used RAM pages for pointer destinations"
}

@InProceedings{Wilson_Kaplan_99,
  author = 	 {Paul R. Wilson and Scott F. Kaplan},
  title = 	 {The Case for Compressed Caching in Virtual Memory Systems},
  pages =	 {101--116},
  booktitle = 	 usenix99,
  year =	 1999,
  address =	 {Monterey, CA, USA},
  month =	 jun,
  keywords =	 {VM paging},
  heldby =	 {gernot},
  annote =	 {Uses some of memory cache to keep data compressed,
                  effectgively extending RAM size, in order to save
                  I/O ops. Uses simulation, not a real
                  implementation. New fast compression algorithm adapted to
                  memory data.}
}

@InProceedings{Wilson_LM_92,
  author = 	 {Paul R. Wilson and Michael S. Lam and Thomas G. Moher},
  title = 	 {Caching Considerations for Generational Garbage
                  Collection},
  booktitle = 	 {slfp92},
  year =	 1992,
  address =	 {San Francisco, Ca, USA},
  month =	 jun,
  pages =	 xyz,
  heldby =	 {gernot},
  annote =	 {\url{ftp://ftp.cs.utexas.edu/pub/garbage/cache.ps}}
}

@MastersThesis{Winwood:BE,
  author = 	 {Simon Winwood},
  title = 	 {Flexible scheduling mechanisms in {L4}},
  school = 	 cse,
  year = 	 2000,
  type =	 {{BE} Thesis},
  address =	 unswadr,
  month =	 nov,
  note =	 {Available from \url{http://www.cse.unsw.edu.au/~disy/papers/}},
  keywords =	 {proportional share scheduling, gang scheduling, real-time},
  heldby =	 {gernot}
}

@Article{Witt_66,
  author = 	 {B.I. Witt},
  title = 	 {The Functional Structure of {OS/360} Part {II}: Job
                  and Task Management},
  journal = 	 {IBM Systems Journal},
  year = 	 1966,
  volume =	 5,
  pages =	 {12--29},
  heldby =	 {gernot}
}

@InProceedings{Wood_EGHPRTKP_86,
  author = 	 {David A. Wood and Susan  J.  Eggers and  Garth
                  Gibson and  Mark D. Hill and  Joan  M. Pendleton and
                  Scott  A. Ritchie and George S. Taylor and  Randy
                  H. Katz and  David A. Patterson},
  title = 	 {An in-cache address translation mechanism},
  booktitle = 	 isca86,
  pages =	 {358-365},
  year =	 1986,
  keywords =	 {no TLB},
  heldby =	 {gernot}
}

@Article{Wulf_CCJLPP_74,
  author = 	 "W. Wulf and E. Cohen and W. Corwin and A. Jones and
		  R. Levin and C. Pierson and F. Pollack",
  title = 	 "{HYDRA}: The Kernel of a Multiprocessor Operating System",
  journal =	 cacm,
  year =	 1974,
  volume =	 17,
  pages =	 "337--345",
  keywords =	 "C.mmp, capability",
  heldby =	 "gernot"
}

@InProceedings{Wulf_LP_75,
  author = 	 {W. Wulf and R. Levin and C. Pierson},
  title = 	 {Overview of the {HYDRA} Operating System Development},
  booktitle = 	 sosp75,
  year =	 1975,
  organization = acm,
  pages =	 {122--131},
  heldby =	 {gernot}
}

@Manual{XOPEN:ABI,
  title = 	 {System {V} Application Binary Interface},
  key =		 {X/Open},
  organization = {{X/Open}},
  edition =	 {3.1},
  year =	 {1990},
  heldby =	 {gernot},
  annote =	 {SysV linking}
}

@Manual{X_ref,
  title = 	 {{X} Protocol Reference Manual},
  key =          {X},
  publisher = 	 {O'Reilly \& Associates, Inc.},
  year = 	 1990,
  editor =	 {Adrian Nye},
  volume =	 {Zero},
  heldby =	 jerry
}

@InProceedings{Yarvin_BA_93,
  author = 	 {Curtis Yarvin and Richard Bukowski and Thomas Anderson},
  title = 	 {Anonymous {RPC}: Low-Latency Protection in a 64-Bit
                  Address Space},
  booktitle = 	 usenix93s,
  year =	 1993,
  address =	 {Cincinnati, OH, USA},
  month =	 jun,
  heldby =	 {gernot}
}

@TechReport{Yokote_TMFT_90,
  author = 	 "Yasuhiko Yokote and Fumio Teraoka and Atsushi
		  Mitsuzawa and Nobuhisa Fujinami and Mario Tokoro",
  title = 	 "The {Muse} Object Architecture: A New Operating
		  System Structuring Concept",
  institution =  "Sony Computer Science Laboratory",
  year = 	 1990,
  type =	 "Technical Report",
  number =	 "SCSL-TR-90-012",
  address =	 "Tokyo, Japan",
  heldby = 	 "gernot"
}

@Article{Yoo_96,
  author = 	 {H. Chuck Yoo},
  title = 	 {Comparative Analysis of Asynchonous {I/O} in
                  Multithreaded {UNIX}},
  journal = 	 spe,
  year = 	 1996,
  volume =	 26,
  pages =	 {988--997}
}

@InProceedings{Young_TRGECBBB_87,
  author = 	 "Michael Young and Avadis Tevanian and Richard Rashid
		  and David Golub and Jeffrey Eppinger and Jonathan
		  Chew and William Bolosky and David Black and Robert
		  Baron",
  title = 	 "The Duality of Memory and Communication in the
		  Implementation of a Multiprocessor Operating System",
  pages =	 "63--76",
  booktitle =	 sosp87,
  year =	 1987,
  keywords =	 "Mach"
}


@Manual{ZILOG_Z85230,
  title = 	 {{SCC} User's Manual},
  key =		 {Zilog},
  organization = {Zilog Inc.},
  address =	 {Campbell, CA},
  year =	 1992,
  heldby =	 jerry
}

@InProceedings{Zadok_SS_99,
  author = 	 {Erez Zadok and Ion Badulescu and Alex Shender},
  title = 	 {Extending File Systems Using Stackable Templates},
  pages =	 {57--70},
  year =	 1999,
  booktitle = 	 usenix99,
  address =	 {Monterey, CA, USA},
  month =	 jun,
  keywords =	 {vnodes},
  heldby =	 {gernot},
  annote =	 {Impl on Linux, Solaris, FreeBSD},
  heldby =	 {gernot}
}

@InProceedings{Vahdat_LE_00,
  author = 	 {Amin Vahdat and Alvin Lebeck and Carla Schlatter Ellis},
  title = 	 {Every {Joule} is Precious: The Case for Revising
                  Operating Systems Design for Energy Efficiency},
  booktitle = 	 esigops00,
  pages =	 xyz,
  year =	 2000,
  address =	 xyz,
  month =	 xyz,
  heldby =	 {gernot}
}

@Manual{x86-64_APO_00,
  title = 	 {{AMD} 64-Bit Technology: The {AMD} {x86-64}
                  Architecture Programmers Overview},
  key =		 {x86-64},
  organization = {Advanced Micro Devices},
  address =	 {Sunnyvale, CA, USA},
  month =	 aug,
  year =	 2000,
  heldby =	 {gernot}
}

