@conference{gattini2006,
author = {Anna Moore and Eric Aristidi and Michael Ashley and Maurizio Busso and Maurizio Candidi and Jon Everett and Suzanne Kenyon and Jon Lawrence and D. Luong-Van and Andre Phillips and Brice Le Roux and Roberto Ragazzoni and Piero Salinari and John Storey and Melinda Taylor and Gino Tosti and Tony Travouillon},
editor = {Larry M. Stepp},
collaboration = {},
title = {The Gattini cameras for optical sky brightness measurements in Antarctica},
publisher = {SPIE},
year = {2006},
journal = {Ground-based and Airborne Telescopes},
volume = {6267},
number = {1},
eid = {62671N},
numpages = {11},
pages = {62671N},
location = {Orlando, FL, USA},
url = {http://link.aip.org/link/?PSI/6267/62671N/1},
}


@conference{kenyon06a,
author = {Suzanne L. Kenyon and Michael C. B. Ashley and Jon Everett and Jon S. Lawrence and John W. V. Storey},
editor = {Larry M. Stepp},
collaboration = {},
title = {Nigel and the optical sky brightness at Dome C, Antarctica},
publisher = {SPIE},
year = {2006},
journal = {Ground-based and Airborne Telescopes},
volume = {6267},
number = {1},
eid = {62671M},
numpages = {9},
pages = {62671M},
location = {Orlando, FL, USA},
url = {http://link.aip.org/link/?PSI/6267/62671M/1},
}


@conference{swain:62671K,
author = {M. R. Swain and H. Gallee},
editor = {Larry M. Stepp},
collaboration = {},
title = {A comparison of possible Antarctic telescope locations},
publisher = {SPIE},
year = {2006},
journal = {Ground-based and Airborne Telescopes},
volume = {6267},
number = {1},
eid = {62671K},
numpages = {8},
pages = {62671K},
location = {Orlando, FL, USA},
url = {http://link.aip.org/link/?PSI/6267/62671K/1},
}

@ARTICLE{kenyon-review,
   author = {{Kenyon}, S.~L. and {Storey}, J.~W.~V.},
    title = "{A Review of Optical Sky Brightness and Extinction at Dome C, Antarctica}",
  journal = {\pasp},
   eprint = {arXiv:astro-ph/0511510},
     year = 2006,
    month = mar,
   volume = 118,
    pages = {489-502},
      doi = {10.1086/499631},
   adsurl = {http://adsabs.harvard.edu/abs/2006PASP..118..489K},
  adsnote = {Provided by the Smithsonian/NASA Astrophysics Data System}
}


@article{oneD,
  author = {N.~J. Wildberger},
  title = "{One dimensional metrical geometry}",
  journal = "{Geometriae Dedicata}",
  volume = 128,
  issue = 1,
  pages = {145-166},
  doi = {10.1007/s10711-007-9187-z},
  url = {http://www.springerlink.com/content/h522l877j7h016j1},
}

@ARTICLE{plateau-ir,
   author = {{Lawrence}, J.~S.},
    title = "{Infrared and Submillimeter Atmospheric Characteristics of High Antarctic Plateau Sites}",
  journal = {\pasp},
     year = 2004,
    month = may,
   volume = 116,
    pages = {482-492},
}


@ARTICLE{temp_and_wind,
   author = {{Aristidi}, E. and {Agabi}, K. and {Azouit}, M. and {Fossat}, E. and 
	{Vernin}, J. and {Travouillon}, T. and {Lawrence}, J.~S. and 
	{Meyer}, C. and {Storey}, J.~W.~V. and {Halter}, B. and {Roth}, W.~L. and 
	{Walden}, V.},
    title = "{An analysis of temperatures and wind speeds above Dome C, Antarctica}",
  journal = {\aap},
     year = 2005,
    month = feb,
   volume = 430,
    pages = {739-746},
      doi = {10.1051/0004-6361:20041876},
   adsurl = {http://adsabs.harvard.edu/abs/2005A%26A...430..739A},
  adsnote = {Provided by the Smithsonian/NASA Astrophysics Data System}
}

@MISC{site-testing,
  author = {Eric Aristidi and Abdelkrim Agabi and Eric Fossat and Max Azouit and Francois Martin and Tatiana Sadibekova and Tony Travouillon and Jean Vernin and Aziz Ziad},
  title = {Site testing in summer at Dome C, Antarctica},
  url = {http://www.citebase.org/abstract?id=oai:arXiv.org:astro-ph/0507475},
  year = {2005}
}

@ARTICLE{nature2003,
   author = {{Lawrence}, J.~S. and {Ashley}, M.~C.~B. and {Tokovinin}, A. and 
	{Travouillon}, T.},
    title = "{Exceptional astronomical seeing conditions above Dome C in Antarctica}",
  journal = {\nat},
     year = 2004,
    month = sep,
   volume = 431,
    pages = {278-281},
      doi = {10.1038/nature02929},
   adsurl = {http://adsabs.harvard.edu/abs/2004Natur.431..278L},
  adsnote = {Provided by the Smithsonian/NASA Astrophysics Data System}
}

@ARTICLE{mmsitetesting,
   author = {{Valenziano}, L. and {dall'Oglio}, G.},
    title = "{Millimetre astronomy from the High Antarctic Plateau: Site testing at Dome C}",
  journal = {Publications of the Astronomical Society of Australia},
   eprint = {arXiv:astro-ph/9905105},
     year = 1999,
    month = aug,
   volume = 16,
    pages = {167-174},
   adsurl = {http://adsabs.harvard.edu/abs/1999PASA...16..167V},
  adsnote = {Provided by the Smithsonian/NASA Astrophysics Data System}
}

@ARTICLE{mess-nightsky,
   author = {{Patat}, F.},
    title = "{Night Sky Brightness During Sunspot Maximum at Paranal}",
  journal = {The Messenger},
     year = 2004,
    month = mar,
   volume = 115,
    pages = {18-21},
   adsurl = {http://adsabs.harvard.edu/abs/2004Msngr.115...18P},
  adsnote = {Provided by the Smithsonian/NASA Astrophysics Data System}
}

@MISC{first-seeing,
  author = {Abdelkrim Agabi and Eric Aristidi and Max Azouit and Eric Fossat and Francois Martin and Tatiana Sadibekova and Jean Vernin and Aziz Ziad},
  title = "{First whole atmosphere night-time seeing measurements at Dome C,  Antarctica}",
  url = {http://www.citebase.org/abstract?id=oai:arXiv.org:astro-ph/0510418},
  year = {2005}
}

@ARTICLE{first-IR-seeing,
   author = {{Walden}, V.~P. and {Town}, M.~S. and {Halter}, B. and {Storey}, J.~W.~V.
	},
    title = "{First Measurements of the Infrared Sky Brightness at Dome C, Antarctica}",
  journal = {\pasp},
     year = 2005,
    month = mar,
   volume = 117,
    pages = {300-308},
      doi = {10.1086/427988},
   adsurl = {http://adsabs.harvard.edu/abs/2005PASP..117..300W},
  adsnote = {Provided by the Smithsonian/NASA Astrophysics Data System}
}

@ARTICLE{eso-algo,
   author = {{Patat}, F.},
    title = "{A robust algorithm for sky background computation in CCD images}",
  journal = {\aap},
   eprint = {arXiv:astro-ph/0301534},
     year = 2003,
    month = apr,
   volume = 401,
    pages = {797-807},
      doi = {10.1051/0004-6361:20030137},
   adsurl = {http://adsabs.harvard.edu/abs/2003A%26A...401..797P},
  adsnote = {Provided by the Smithsonian/NASA Astrophysics Data System}
}

@ARTICLE{first-daytime,
   author = {{Aristidi}, E. and {Agabi}, A. and {Vernin}, J. and {Azouit}, M. and 
	{Martin}, F. and {Ziad}, A. and {Fossat}, E.},
    title = "{Antarctic site testing: First daytime seeing monitoring at Dome C}",
  journal = {\aap},
     year = 2003,
    month = jul,
   volume = 406,
    pages = {L19-L22},
      doi = {10.1051/0004-6361:20030836},
   adsurl = {http://adsabs.harvard.edu/abs/2003A%26A...406L..19A},
  adsnote = {Provided by the Smithsonian/NASA Astrophysics Data System}
}

@ARTICLE{scipot,
   author = {{Burton}, M. and {Aitken}, D.~K. and {Allen}, D.~A. and {Ashley}, M.~C.~B. and 
	{Burton}, M.~G. and {Cannon}, R.~D. and {Carter}, B.~D. and 
	{Dacosta}, G.~S. and {Dopita}, M.~A. and {Duldig}, M.~L.},
    title = "{The scientific potential for astronomy from the Antarctic Plateau}",
  journal = {Proceedings of the Astronomical Society of Australia},
     year = 1994,
    month = aug,
   volume = 11,
    pages = {127-150},
   adsurl = {http://adsabs.harvard.edu/abs/1994PASAu..11..127B},
  adsnote = {Provided by the Smithsonian/NASA Astrophysics Data System}
}
@ARTICLE{submm-testing,
   author = {{Calisse}, P.~G. and {Ashley}, M.~C.~B. and {Burton}, M.~G. and 
	{Phillips}, M.~A. and {Storey}, J.~W.~V. and {Radford}, S.~J.~E. and 
	{Peterson}, J.~B.},
    title = "{Submillimeter Site Testing at Dome C, Antarctica}",
  journal = {Publications of the Astronomical Society of Australia},
     year = 2004,
   volume = 21,
    pages = {256-263},
      doi = {10.1071/AS03018},
   adsurl = {http://adsabs.harvard.edu/abs/2004PASA...21..256C},
  adsnote = {Provided by the Smithsonian/NASA Astrophysics Data System}
}

@ARTICLE{cobber,
   author = {{Dempsey}, J.~T. and {Storey}, J.~W.~V. and {Ashley}, M.~C.~B.
	},
    title = "{COBBER: A Pocket Cloud Detector for Dome C}",
  journal = {Memorie della Societa Astronomica Italiana Supplement},
     year = 2003,
   volume = 2,
    pages = {70-+},
   adsurl = {http://adsabs.harvard.edu/abs/2003MSAIS...2...70D},
  adsnote = {Provided by the Smithsonian/NASA Astrophysics Data System}
}

@ARTICLE{aurora,
   author = {{Dempsey}, J.~T. and {Storey}, J.~W.~V. and {Phillips}, A.},
    title = "{Auroral Contribution to Sky Brightness for Optical Astronomy on the Antarctic Plateau}",
  journal = {Publications of the Astronomical Society of Australia},
     year = 2005,
   volume = 22,
    pages = {91-104},
      doi = {10.1071/AS04036},
   adsurl = {http://adsabs.harvard.edu/abs/2005PASA...22...91D},
  adsnote = {Provided by the Smithsonian/NASA Astrophysics Data System}
}

@ARTICLE{potdiff,
   author = {{Lloyd}, J.~P. and {Oppenheimer}, B.~R. and {Graham}, J.~R.},
    title = "{The Potential of Differential Astrometric Interferometry from the High Antarctic Plateau}",
  journal = {Publications of the Astronomical Society of Australia},
   eprint = {arXiv:astro-ph/0202137},
     year = 2002,
   volume = 19,
    pages = {318-322},
      doi = {10.1071/AS01072},
   adsurl = {http://adsabs.harvard.edu/abs/2002PASA...19..318L},
  adsnote = {Provided by the Smithsonian/NASA Astrophysics Data System}
}

@ARTICLE{summit-seeing,
   author = {{Marks}, R.~D.},
    title = "{Astronomical seeing from the summits of the Antarctic plateau}",
  journal = {\aap},
   eprint = {arXiv:astro-ph/0112068},
     year = 2002,
    month = apr,
   volume = 385,
    pages = {328-336},
      doi = {10.1051/0004-6361:20020132},
   adsurl = {http://adsabs.harvard.edu/abs/2002A%26A...385..328M},
  adsnote = {Provided by the Smithsonian/NASA Astrophysics Data System}
}

@ARTICLE{high-seeing,
   author = {{Marks}, R.~D. and {Vernin}, J. and {Azouit}, M. and {Manigault}, J.~F. and 
	{Clevelin}, C.},
    title = "{Measurement of optical seeing on the high antarctic plateau}",
  journal = {\aaps},
     year = 1999,
    month = jan,
   volume = 134,
    pages = {161-172},
   adsurl = {http://adsabs.harvard.edu/abs/1999A%26AS..134..161M},
  adsnote = {Provided by the Smithsonian/NASA Astrophysics Data System}
}

@misc{ir-brightness,
  author = "J. Storey and M. Ashley and M. Boccas and M. Phillips and A. Schinckel",
  title = "Infrared sky brightness monitors for Antarctica",
  text = "J.W.V. Storey, M.C.B. Ashley, M. Boccas, M.A. Phillips, and A.E.T. Schinckel,
    Infrared sky brightness monitors for Antarctica, PASP, 765, pp. 765-771,
    1999.",
  year = "1999",
  url = "citeseer.ist.psu.edu/storey99infrared.html" 
}

@ARTICLE{beyond,
   author = {{Storey}, J.~W. and {Ashley}, M.~C. and {Burton}, M.~G.},
    title = "{Beyond Dome C}",
  journal = {Astronomy in Antarctica, 25th meeting of the IAU, Special Session 2, 18 July, 2003 in Sydney, Australia, meeting abstract},
     year = 2003,
   volume = 2,
   adsurl = {http://adsabs.harvard.edu/abs/2003IAUSS...2E..29S},
  adsnote = {Provided by the Smithsonian/NASA Astrophysics Data System}
}

@ARTICLE{turbulence,
   author = {{Travouillon}, T. and {Ashley}, M.~C.~B. and {Burton}, M.~G. and 
	{Storey}, J.~W.~V. and {Loewenstein}, R.~F.},
    title = "{Atmospheric turbulence at the South Pole and its implications   for astronomy}",
  journal = {\aap},
     year = 2003,
    month = mar,
   volume = 400,
    pages = {1163-1172},
      doi = {10.1051/0004-6361:20021814},
   adsurl = {http://adsabs.harvard.edu/abs/2003A%26A...400.1163T},
  adsnote = {Provided by the Smithsonian/NASA Astrophysics Data System}
}

@INPROCEEDINGS{anisotropy,
   author = {{Valenziano}, L. and {Attolini}, M.~R. and {Burigana}, C. and 
	{Malaspina}, M. and {Mandolesi}, N. and {Ventura}, G. and {Villa}, F. and 
	{dall'Oglio}, G. and {Pizzo}, L. and {Cosimi}, R. and {Miriametro}, A. and 
	{Martinis}, L. and {Piccirillo}, L. and {Bersanelli}, M. and 
	{Morgante}, G.},
    title = "{APACHE96. CMBR Anisotropy Experiment at Dome C}",
booktitle = {Astrophysics From Antarctica},
     year = 1998,
   series = {Astronomical Society of the Pacific Conference Series},
   volume = 141,
   editor = {{Novak}, G. and {Landsberg}, R.},
    pages = {81-+},
   adsurl = {http://adsabs.harvard.edu/abs/1998ASPC..141...81V},
  adsnote = {Provided by the Smithsonian/NASA Astrophysics Data System}
}

@INPROCEEDINGS{ds9,
   author = {{Joye}, W.~A. and {Mandel}, E.},
    title = "{New Features of SAOImage DS9}",
booktitle = {Astronomical Data Analysis Software and Systems XII},
     year = 2003,
   series = {Astronomical Society of the Pacific Conference Series},
   volume = 295,
   editor = {{Payne}, H.~E. and {Jedrzejewski}, R.~I. and {Hook}, R.~N.},
    pages = {489-+},
   adsurl = {http://adsabs.harvard.edu/abs/2003ASPC..295..489J},
  adsnote = {Provided by the Smithsonian/NASA Astrophysics Data System}
}

@ARTICLE{tycho2,
   author = {{H{\o}g}, E. and {Fabricius}, C. and {Makarov}, V.~V. and {Bastian}, U. and 
	{Schwekendiek}, P. and {Wicenec}, A. and {Urban}, S. and {Corbin}, T. and 
	{Wycoff}, G.},
    title = "{Construction and verification of the Tycho-2 Catalogue}",
  journal = {\aap},
     year = 2000,
    month = may,
   volume = 357,
    pages = {367-386},
   adsurl = {http://adsabs.harvard.edu/abs/2000A%26A...357..367H},
  adsnote = {Provided by the Smithsonian/NASA Astrophysics Data System}
}

@ARTICLE{aastino,
   author = {{Lawrence}, J.~S. and {Ashley}, M.~C.~B. and {Burton}, M.~G. and 
	{Calisse}, P.~G. and {Dempsey}, J.~T. and {Everett}, J.~R. and 
	{Maher}, O. and {Storey}, J.~W.~V. and {Travouillon}, T.},
    title = "{The AASTINO: Automated Astrophysical Site Testing INvincible Observatory}",
  journal = {Memorie della Societa Astronomica Italiana Supplement},
     year = 2003,
   volume = 2,
    pages = {217-+},
   adsurl = {http://adsabs.harvard.edu/abs/2003MSAIS...2..217L},
  adsnote = {Provided by the Smithsonian/NASA Astrophysics Data System}
}

@ARTICLE{mk-seeing,
   author = {{Tokovinin}, A. and {Vernin}, J. and {Ziad}, A. and {Chun}, M.
	},
    title = "{Optical Turbulence Profiles at Mauna Kea Measured by MASS and SCIDAR}",
  journal = {\pasp},
     year = 2005,
    month = apr,
   volume = 117,
    pages = {395-400},
      doi = {10.1086/428930},
   adsurl = {http://adsabs.harvard.edu/abs/2005PASP..117..395T},
  adsnote = {Provided by the Smithsonian/NASA Astrophysics Data System}
}

@ARTICLE{sp-seeing,
   author = {{Travouillon}, T. and {Ashley}, M.~C.~B. and {Burton}, M.~G. and 
	{Storey}, J.~W.~V. and {Loewenstein}, R.~F.},
    title = "{Atmospheric turbulence at the South Pole and its implications   for astronomy}",
  journal = {\aap},
     year = 2003,
    month = mar,
   volume = 400,
    pages = {1163-1172},
      doi = {10.1051/0004-6361:20021814},
   adsurl = {http://adsabs.harvard.edu/abs/2003A%26A...400.1163T},
  adsnote = {Provided by the Smithsonian/NASA Astrophysics Data System}
}


@ARTICLE{history,
   author = {{Mayer}, A.},
    title = "{On the History of the Stellar Magnitude Scale}",
  journal = {Journal of the American Association of Variable Star Observers (JAAVSO)},
     year = 1986,
    month = dec,
   volume = 15,
    pages = {283-285},
   adsurl = {http://adsabs.harvard.edu/abs/1986JAVSO..15..283M},
  adsnote = {Provided by the Smithsonian/NASA Astrophysics Data System}
}


@INPROCEEDINGS{IRAIT,
   author = {{Busso}, M. and {Tosti}, G. and {Roncella}, F. and {Bagaglia}, M. and 
	{Nucciarelli}, G. and {Fastellini}, R. and {Straniero}, O. and 
	{Dolci}, M. and {Ragni}, M. and {di Varano}, I. and {Corcione}, L. and 
	{Abia}, C. and {Dominguez}, I. and {Rossi}, F. and {Nicolini}, A.
	},
    title = "{The IRAIT Project Infrared Astronomy from Antarctica}",
booktitle = {EAS Publications Series},
     year = 2005,
   series = {EAS Publications Series},
   volume = 14,
   editor = {{Giard}, M. and {Casoli}, F. and {Paletou}, F.},
    pages = {181-186},
      doi = {10.1051/eas:2005028},
   adsurl = {http://adsabs.harvard.edu/abs/2005EAS....14..181B},
  adsnote = {Provided by the Smithsonian/NASA Astrophysics Data System}
}


@ARTICLE{ICECAM,
   author = {{Ashley}, M.~C.~B. and {Burton}, M.~G. and {Calisse}, P.~G. and 
	{Phillips}, A. and {Storey}, J.~W.~V.},
    title = "{Site testing at Dome C - cloud statistics from the ICECAM experiment}",
  journal = {Highlights of Astronomy},
     year = 2005,
    month = jan,
   volume = 13,
    pages = {932-+},
   adsurl = {http://adsabs.harvard.edu/abs/2005HiA....13..932A},
  adsnote = {Provided by the Smithsonian/NASA Astrophysics Data System}
}

@MISC{wildberger:affine,
  author = {N.~J. Wildberger},
  title = {Affine and projective universal geometry},
  url = {http://www.citebase.org/abstract?id=oai:arXiv.org:math/0612499},
  eprint = {arXiv:math/0612499},
  year = {2006}
}

@MISC{wildberger:rel-conics,
  author = {N.~J. Wildberger},
  title = {Chromogeometry and relativistic conics},
  url = {http://www.citebase.org/abstract?id=oai:arXiv.org:0806.2789},
  eprint = {arXiv:0806.2789v1},
  year = {2008}
}

@ARTICLE{wildberger:chromo,
  author = {N.~J. Wildberger},
  title = {Chromogeometry},
  url = {http://www.citebase.org/abstract?id=oai:arXiv.org:0806.3617},
  eprint = {arXiv:0806.3617v1},
  year = {2008}
}

@book{Cohen,
   author = {Henri Cohen},
   title = {A course in computational algebraic number theory},
   year = {1993},
   pages = {32-34},
   publisher = {Springer}
}

@book{thebook,
  author = {N.~J. Wildberger},
  title = {Divine Proportions: Rational Trigonometry to Universal Geometry},
  publisher = {Wild Egg},
  year = 2005,
}

@MISC{greeks,
  author = {N.~J. Wildberger},
  title = {The ancient Greeks present: Rational Trigonometry},
  url = {http://www.citebase.org/abstract?id=oai:arXiv.org:0806.3481},
  year = {2008}
}

@MISC{horizons,
  author = {N.~J. Wildberger},
  title = {A Rational Approach to Trigonometry},
  journal = {Math Horizans},
  month = {November},
  year = {2008},
}